2846 4788
689 279 930 350 -982-

293 469 423 532 Othone
443 462 604 528 celebrata
626 459 768 542 (sueton.
789 459 910 524 Othon.
932 457 985 522 sit.
1011 453 1124 560 0:111.
1147 453 1333 520 Domitian.
1408 480 1409 485 ¹

296 597 326 642 c.
352 577 398 652 l.).
441 569 629 656 intelligitur
648 567 822 654 praeterea
836 567 953 630 horum
972 563 1197 650 mysteriorum
1218 559 1333 626 sacer-

297 681 387 744 dotes
409 661 586 741 nominatos
608 695 675 738 esse
695 674 825 758 Baptas3
847 672 985 758 indeque
1005 671 1146 734 fabulam
1159 668 1334 754 Eupolidis

297 789 482 872 inscriptam
511 805 590 863 csse,
620 783 788 846 confirmat
816 790 905 844 vetus
939 779 1090 842 Scholion
1113 777 1155 840 ad
1176 773 1336 838 luvenalis

297 896 414 960 rerba:
430 890 643 975 „Cecropiam
655 887 738 950 soliti
750 889 880 974 Baptae]
894 889 1025 972 Baptae,
1040 886 1148 948 titulus
1166 883 1251 962 libri,
1267 903 1335 966 quo

298 999 453 1087 impudici
481 997 704 1060 describantur
735 996 774 1058 ab
800 993 971 1079 Eupolide,
1002 993 1058 1078 qui
1088 991 1210 1054 induxit
1234 989 1335 1052 Athe·

300 1111 424 1171 nienses
459 1104 501 1167 ad
535 1103 745 1165 imitationem
770 1101 961 1162 feminarum
992 1099 1152 1161 saltantes.
1201 1097 1334 1158 Lassare

300 1213 476 1300 psaltriam]
506 1211 637 1294 Baptae,
667 1228 742 1292 ergo
774 1205 896 1285 molles,
927 1227 990 1290 quo
1009 1204 1103 1268 titulo
1125 1203 1256 1287 Eupolis
1280 1222 1334 1264 co·

302 1319 464 1383 moediam
494 1314 627 1399 scripsit,
658 1314 699 1375 ob
730 1335 825 1397 quam
856 1313 895 1374 ab
927 1309 1102 1390 Alcibiade,
1127 1331 1223 1394 quem
1242 1329 1337 1391 prae·

305 1427 399 1508 cipue
420 1421 612 1507 perstrinxit,
638 1429 767 1480 necatus
789 1423 869 1480 est.“
889 1418 1038 1479 -Sacra
1059 1426 1158 1478 noctu
1179 1415 1338 1476 celebrata

306 1532 401 1593 fuisse
423 1527 587 1590 declarant
607 1527 705 1588 verba
725 1539 842 1588 secreta
865 1526 964 1586 taeda
984 1547 1027 1586 sc.
1050 1525 1098 1586 ad
1112 1517 1281 1586 extinctam
1294 1523 1339 1583 ln-

307 1656 441 1714 cernam,
463 1633 550 1719 quod
568 1613 720 1695 Martialis
741 1633 812 1694 ΧΗ.
834 1639 884 1713 43.
909 1630 986 1696 dixit
1009 1629 1048 1694 de
1070 1629 1224 1694 eiusmodi
1245 1631 1339 1692 rebus

309 1741 496 1805 libidinosis.
527 1741 576 1804 ef.
602 1740 735 1822 interpr.
759 1737 800 1799 ad
820 1739 958 1802 luvenal.
981 1737 1030 1802 etl.
1055 1736 1207 1802 Henuinii
1228 1736 1249 1798 l.
1271 1736 1292 1798 l.
1311 1743 1340 1800 et

309 1849 458 1913 Politian.
482 1846 655 1912 Miscellan.
679 1846 702 1906 l.
726 1866 754 1906 c.
781 1865 829 1909 so.
884 1861 887 1868 '

396 2061 486 2138 Quae
514 2077 588 2118 cum
617 2054 661 2118 ita
689 2056 763 2135 sint,
799 2055 941 2120 nondum
969 2057 1048 2122 mihi
1077 2058 1343 2144 persuasissimum

314 2166 431 2252 haheo,
464 2163 550 2250 quod
573 2165 620 2225 Cl.
641 2163 849 2226 Buttmannus
872 2166 906 2225 in
929 2167 991 2226 fine
1013 2163 1287 2228 commentationis
1310 2163 1344 2224 de

317 2283 427 2335 nostra
450 2251 558 2334 fabula
579 2272 753 2351 coustituit,
775 2294 848 2333 curu
868 2271 974 2356 potius
996 2292 1046 2333 res
1066 2292 1126 2354 per
1147 2291 1191 2349 se,
1206 2279 1346 2353 utsupra

317 2381 475 2440 monitum
496 2388 554 2456 est,
578 2387 610 2440 et
635 2388 777 2440 veterum
800 2377 992 2439 documenta
1008 2377 1162 2440 inclinare
1184 2375 1348 2439 videantur

318 2484 352 2544 in
373 2485 456 2544 hanc
479 2483 686 2544 sententiam:
719 2485 847 2569 Cotytto
870 2494 903 2546 et
923 2505 1013 2545 sacra
1033 2483 1146 2545 habuit
1166 2483 1293 2546 Athenis
1319 2490 1349 2544 et
1409 2505 1410 2512 ¹

325 2597 452 2671 mystas,
481 2587 536 2670 qui
566 2587 712 2648 adhibitis
734 2591 829 2650 certis
856 2590 1042 2652 ceremoniis
1068 2590 1146 2650 ulios
1166 2590 1214 2652 his
1238 2601 1350 2674 myste-

322 2693 377 2755 riis
404 2691 591 2760 initiabant.¹
622 2685 708 2754 Deos
741 2693 882 2776 undique
911 2696 945 2758 in
979 2719 1034 2758 sua
1055 2698 1135 2758 urbe
1158 2699 1350 2781 conquisive-

324 2810 398 2863 rant
409 2799 614 2862 Athenienses
637 2810 731 2882 atquc
752 2799 887 2862 multum
897 2802 1059 2885 ponderis,
1080 2813 1117 2900 ut
1138 2803 1215 2864 mihi
1230 2803 1352 2888 quidem

324 2908 462 2986 videtur,
479 2907 577 2968 hubet
592 2907 782 2984 vocabulum
806 2907 964 2990 Cecropia,
988 2930 1050 2992 quo
1074 2911 1183 2971 doctus
1206 2909 1356 2973 luvenalis

326 3017 429 3078 utitur
458 3025 551 3099 atquc
583 3011 699 3076 diserte
717 3014 921 3077 Athenienses
944 3015 1098 3100 significat
1115 3016 1232 3080 horum
1253 3038 1354 3079 sacro-

246 3107 249 3127 ⁴
329 3145 402 3183 rum
421 3127 664 3204 propagatorem
699 3141 803 3204 neque
823 3121 976 3184 credibile
998 3132 1045 3184 est
1066 3124 1188 3212 Synesii
1211 3128 1275 3208 (ep.
1297 3125 1354 3198 32.)

331 3226 536 3304 sententiam,¹
564 3227 691 3310 Cotytto
715 3227 812 3290 fuisse
833 3229 921 3312 quasi
953 3250 1132 3313 supremam
1153 3229 1245 3294 deam
1265 3230 1357 3292 Athe-

333 3331 491 3394 niensium
522 3353 558 3394 ex
588 3321 738 3416 singulari
758 3333 921 3418 Eupolidis
943 3336 1050 3399 fabula
1070 3339 1242 3400 universim
1263 3349 1294 3401 et
1319 3337 1359 3400 di-

334 3439 448 3502 stincte
466 3437 615 3499 traditam
636 3459 713 3518 esse,
736 3440 797 3500 nisi
820 3441 880 3502 alia
903 3453 990 3506 certa
1006 3445 1187 3526 testimonia
1202 3457 1275 3510 aute
1290 3467 1360 3506 ocu·

335 3548 382 3609 los
405 3545 566 3607 habuisset
587 3553 709 3606 auctor.
752 3547 995 3630 Inscriptionem
1017 3549 1144 3614 fabulae
1168 3573 1203 3614 ex
1221 3553 1295 3638 ipsis
1309 3555 1360 3615 ha·

337 3675 410 3716 rura
434 3672 599 3715 sacrorum
627 3653 816 3714 ceremoniis
845 3654 972 3720 videtur
993 3659 1136 3722 sumsisse
1157 3669 1267 3746 poeta,
1290 3679 1361 3744 quo-

338 3758 424 3821 niam
449 3779 485 3819 ex
514 3757 578 3821 ritu
598 3759 806 3821 vetustissimo
836 3761 869 3822 in
891 3764 1036 3826 omnibus
1057 3765 1125 3828 fere
1147 3767 1243 3829 sacris
1266 3765 1362 3830 homi-

344 3886 399 3929 nes
422 3863 639 3925 lustrabantur
654 3865 822 3944 lavatione,
840 3891 935 3952 quem
952 3881 1058 3932 netum
1073 3876 1272 3956 καθαρισμὸν
1289 3868 1364 3958 apud

343 3971 482 4036 Graecos
513 3970 548 4034 iu
581 3981 688 4035 nostra
721 3973 963 4064 autemulabnla
997 3977 1063 4047 sine
1087 3977 1183 4044 dubio
1204 3975 1364 4066 ,tuncassos
