2814 4784
458 373 698 440 ..23-

153 545 276 610 Deinde
298 549 330 610 in
350 548 491 610 Nubibus
512 550 658 611 Socrates
683 553 865 636 Strepsiadi,
886 557 940 639 qui
959 581 1025 622 sese
1041 563 1094 622 ca-

73 657 204 718 tatnrire
228 654 418 738 praetendit,
439 654 611 736 respondet
632 677 660 716 v.
683 661 771 738 νηοῖς

154 755 199 824 Οὗ
229 763 274 840 μῆ
299 755 444 838 σκώψιις,
472 757 552 840 μηδὲ
560 755 709 841 ’ποιήσεις
727 765 767 844 γ’,
787 754 864 846 «imp
886 761 916 826 oi
934 767 1096 850 τρυγοδαί-

632 889 724 946 μονες
747 857 843 932 οὗτοι.

74 985 168 1055 atque
201 971 366 1032 scholiasta
398 982 506 1033 monet
532 973 632 1040 haec:
666 970 718 1038 Oi.
735 965 828 1036 ἄλλοι
847 973 987 1054 κωμικοί·
1010 967 1098 1040 οὗτοι

72 1081 131 1158 γὰρ
162 1079 195 1140 ἐν
225 1085 290 1152 τοῖς
319 1072 486 1158 ποιίημασιν
510 1073 612 1142 αὐτῶν
632 1073 799 1164 ἇθρώντους
819 1081 936 1164 ιίςῗγγον
952 1079 1098 1162 χίζοντώς

72 1209 104 1245 τε
128 1181 182 1244 καί
202 1181 289 1267 ἕτερα
309 1183 422 1268 αἰσχρὰ
450 1184 626 1260 ποιοῦντας·
657 1184 737 1269 λέγει
763 1185 798 1250 δὲ
818 1188 858 1250 δι’
882 1179 1021 1254 Εὔπολιν
1040 1189 1097 1255 καί

68 1293 239 1372 Κρατῖνον.
704 1335 710 1346 -

153 1398 239 1459 Idem
258 1397 481 1482 Aristophanes
502 1399 535 1462 in
555 1401 722 1484 Equitihus
745 1407 816 1486 399.
841 1402 992 1466 Cleonem
1006 1401 1100 1464 indu-

72 1505 116 1566 cit
136 1505 176 1565 ad
198 1505 332 1566 chorum
351 1505 430 1569 haec
452 1507 549 1569 verha
571 1507 746 1569 dicentem:

155 1608 200 1673 Εἴ
218 1634 251 1675 σε
271 1613 315 1692 μὴ
336 1613 432 1690 μισιδ,
451 1613 596 1695 γενοίμην
618 1611 652 1675 ἓν
674 1613 834 1697 Κρατίνου
853 1612 975 1681 κώδιον.

70 1716 236 1778 Meliorem
257 1718 447 1802 scripturam
466 1714 500 1782 εἴ
516 1741 551 1782 σι
574 1721 619 1801 μῆ
631 1719 716 1800 μισοῖΙ
731 1742 767 1783 ex
778 1721 987 1807 Aristophane
1002 1724 1098 1800 edidi,

71 1822 158 1882 cuius
179 1823 308 1906 vestigia
330 1834 449 1886 exstant
466 1827 551 1908 apud
568 1827 773 1889 Scholiastam
788 1828 918 1889 Pindari
934 1829 1025 1912 Pyth.
1043 1829 1095 1891 lv.

70 1947 140 2010 407.
152 1952 183 2011 p.
198 1933 267 1993 368.
291 1932 340 1993 ed.
357 1934 493 1994 Bocchh.
513 1923 552 2015 ἦν
570 1955 603 1997 σι
624 1934 669 2014 μὴ
689 1933 774 2014 μισώ
795 1933 939 2017 γινοίμην
962 1932 1099 2019 ιἐνΚριι.

71 2034 158 2096 τίνου
183 2031 306 2098 κώδιον.
355 2039 474 2114 Contra
502 2050 638 2100 metrum
665 2061 741 2101 vero
761 2051 875 2123 peccat
895 2042 990 2104 lectio
1013 2043 1098 2125 apud

71 2141 201 2200 Suidam
220 2143 331 2212 ohvia;
354 2143 381 2204 si
398 2138 442 2222 μὴ
465 2164 498 2204 σε
514 2146 667 2222 μισῶ-ας
689 2147 811 2206 retineo
827 2156 933 2206 tamen
952 2169 968 2207 e
986 2147 1101 2208 Suidae

72 2249 144 2308 loco
169 2247 338 2308 lectionem
361 2231 505 2330 Ιγενοιμην
525 2247 559 2312 ἓν
581 2249 741 2330 Κρατίνου
764 2245 886 2325 κώδιον,
918 2272 999 2334 quae
1028 2252 1103 2312 niti-

21 2431 24 2439 Ι
70 2367 125 2416 tur
145 2353 286 2414 omnium
305 2355 520 2439 Aristophanis
541 2356 697 2418 librorum
718 2355 905 2417 auctoritate
930 2366 1023 2441 atque
1053 2367 1103 2418 te-

71 2461 219 2524 stimonio
242 2461 434 2523 scholiastae
463 2455 608 2540 Pindari,
639 2461 727 2522 cuius
748 2461 846 2522 verha
866 2461 963 2524 modo
984 2462 1103 2524 adscri-

68 2569 197 2653 psimus.
252 2571 374 2629 Mutata
404 2578 450 2630 est
479 2578 585 2630 autem
614 2589 718 2652 nuper
746 2567 825 2630 haec
852 2567 948 2630 lectio
972 2570 1104 2633 31)Αοί-

70 2675 231 2759 stophanis
253 2675 375 2736 editore
397 2675 576 2753 Dindorfio,
607 2676 672 2759 qui,
696 2675 803 2736 nescio
823 2698 886 2759 qua
914 2678 1103 2740 auctoritate

70 2785 120 2844 vel
143 2782 406 2866 interpretatione
428 2783 510 2842 nisus
530 2781 675 2863 γενοίμην
691 2780 724 2844 ἒν
738 2779 899 2865 Κρατίνου
916 2778 1027 2844 κώδιον
1044 2784 1104 2844 im-

71 2890 166 2972 primi
190 2889 289 2965 iussit,
318 2889 403 2950 unde
424 2888 539 2972 partim
560 2889 627 2972 ipsa
646 2887 875 2949 vocabulorum
896 2887 1103 2968 grammatica

72 2996 219 3054 iunctura
249 2995 430 3072 destruitur,
456 2995 571 3078 partim
600 2993 695 3056 totius
721 2992 862 3075 imaginis
884 3001 997 3052 natura
1017 2990 1104 3053 tolli·
1190 3049 1193 3064 Α

71 3111 141 3168 tum
164 3113 331 3182 praeterea
351 3123 415 3162 non
440 3101 565 3162 videtur
583 3099 758 3176 scholiasta,
778 3107 814 3158 ut
831 3097 882 3158 vir
899 3096 1009 3158 doctus
1027 3119 1104 3159 cen-

74 3215 130 3284 set,
163 3207 195 3265 in
223 3207 305 3268 hanc
334 3207 522 3276 sententiam
542 3206 706 3282 inclinare,
730 3206 805 3288 quin
826 3203 931 3286 potius
952 3225 1101 3287 compro-

72 3318 179 3376 hatam
208 3312 357 3376 hactenns
390 3315 562 3377 lectionem
593 3313 725 3395 amplius
757 3311 957 3388 confirmare,
979 3313 1103 3394 quade

73 3443 169 3482 causa
189 3421 273 3481 idem
293 3419 477 3482 Dindorsms
502 3421 534 3481 in
552 3418 679 3482 edendo
700 3415 917 3500 Aristophanis
934 3415 1102 3478 scholiasta

72 3530 227 3590 sinceram
249 3526 418 3590 lectionem
439 3526 552 3588 tollere
575 3545 665 3586 ausus
686 3545 751 3584 non
773 3531 828 3583 est.

153 3635 305 3717 Spectant
342 3632 375 3692 hi
402 3634 517 3716 aliique
547 3632 610 3693 loci
644 3629 685 3691 ad
717 3627 838 3690 Cratini
872 3627 1103 3712 turpitudinem

71 3742 206 3820 vivendi,
230 3738 344 3801 deinde
368 3739 406 3798 ad
424 3737 682 3812 obscoenitatem,
702 3735 837 3817 denique
857 3733 980 3795 adeius
999 3734 1104 3796 ebrio-

72 3859 179 3910 tatem.
238 3845 407 3924 Quomodo
440 3867 516 3907 vero
544 3844 624 3905 haec
656 3841 826 3917 accusatio,
849 3841 931 3901 iusto
965 3837 1115 3902 severius

74 3975 167 4037 saepe
198 3964 339 4039 accepta,
369 3952 402 4014 in
427 3953 591 4019 Cratintun
612 3949 757 4036 quadret,
779 3947 909 4011 ulterius
932 3945 1102 4010 videamus.
