2814 4784
458 389 697 456 ‘'31'-

9 611 14 628 .
59 561 163 626 animo
189 565 354 628 cavillandi
377 566 509 642 fontem,
535 589 569 632 ex
591 587 653 654 quo
676 593 760 632 mors
782 573 834 634 illa
854 575 927 636 ficta
949 575 1083 654 tinxerit,
1140 623 1143 632 ,

56 673 276 755 quaerendum
304 693 381 751 esse,
415 675 630 758 unusquisque
650 671 820 740 concedet:
859 681 931 756 Quo
953 683 1084 744 facetius

53 777 137 840 hanc
175 800 244 840 rem
281 777 403 839 invenit
433 778 668 863 Aristophanes,
697 803 735 844 eo
766 783 910 844 acerbius
941 797 1084 848 nostrum

36 897 183 967 poetam
211 883 336 944 mordet
365 883 397 942 in
425 883 593 968 Equitihus
614 911 642 956 v.
663 896 733 970 399.
758 891 811 966 (cf.
832 889 930 950 schol.
956 890 1083 952 adli.

53 999 86 1050 et
106 989 195 1051 Suid.
215 1011 244 1049 v.
267 983 414 1072 Koiitor),
443 1012 612 1054 cumeum
632 1015 696 1054 non
719 995 820 1055 solum
842 996 1003 1056 ebriosum
1025 1019 1082 1082 νο·-Ι

21 1104 105 1154 ..cet
133 1093 189 1155 sed
219 1104 255 1154 ut
284 1095 358 1156 lecti
379 1097 628 1180 perminctorem
648 1101 849 1184 perstringat.
892 1103 1007 1162 Notum
1035 1113 1081 1164 est

52 1223 126 1260 cum
149 1223 183 1262 ex
205 1202 271 1262 aliis
290 1212 443 1280 veterum,
461 1213 534 1288 ,tum
557 1227 593 1267 ex
612 1205 832 1290 Aristophane,
858 1208 997 1268 Graecos
1018 1231 1079 1292 pro

50 1305 210 1386 pulvinari
241 1317 273 1370 et
304 1309 446 1392 stragulis
475 1312 509 1370 in
540 1306 766 1392 usu‘bahuisse
789 1307 894 1373 ovilla·
903 1315 1021 1375 vellera
1046 1325 1079 1376 et
1114 1291 1118 1312 ¹

49 1413 99 1473 his
128 1413 282 1476 lodicibus
315 1415 471 1477 involutos
504 1416 685 1479 dormivisse
709 1419 760 1494 (cf.
792 1419 884 1480 Hom.
906 1420 1020 1504 Hymn.
1045 1422 1078 1481 iu

46 1522 207 1583 Venerem
246 1525 313 1585 160·
352 1521 510 1606 Aristoph.
538 1525 617 1584 Nuh.
652 1547 698 1588 so.
732 1525 841 1609 Lysist.
873 1531 967 1614 parf).
1019 1527 1076 1588 Illo

47 1635 202 1711 tempore,
233 1649 296 1712 quo
315 1629 452 1713 ¹Equites
479 1630 588 1692 docuit
607 1629 842 1725 Aristophapes,
866 1632 907 1691 ad
931 1633 1077 1714 decrepi-

46 1743 109 1804 tam
138 1743 333 1815 senectutem
358 1737 504 1796 Cratinus
524 1737 588 1796 iam
617 1737 779 1820 profectus
800 1735 886 1796 feriis
908 1737 1075 1798 fruebatur
1187 1741 1189 1746 ’

46 1839 181 1924 vinoque
210 1842 377 1925 gaudebat,
405 1841 491 1902 unde
523 1842 608 1903 inter
629 1839 852 1904 dormiendum
876 1841 994 1926 aliquid
1014 1843 1076 1905 bu-

45 1947 128 2006 mani
149 1947 242 2008 facilc
263 1947 323 2030 ipsi
344 1947 489 2007 accidere
503 1956 645 2029 poterat;
665 1946 891 2032 Aristophanes
905 1947 987 2010 hanc
1005 1972 1074 2010 rem
1117 1937 1120 1942 ¹

45 2071 81 2111 ex
101 2071 192 2112 more
216 2071 272 2110 suo
296 2071 411 2132 augens
433 2051 561 2132 publice
583 2051 735 2114 iudicium
755 2054 891 2136 protulit
908 2054 1074 2115 Cratinum

45 2177 109 2216 non
137 2175 229 2238 posse
258 2155 383 2214 urinam
412 2154 563 2230 retinere,
592 2157 677 2238 quod
697 2157 836 2238 ἐνονρεῖν
855 2170 949 2219 vocat
971 2161 1073 2220 Scho-

44 2261 143 2321 liasta.
195 2259 270 2321 Cleo
297 2258 427 2336 scilicet,
461 2279 535 2320 cum
561 2258 646 2321 dicat
671 2281 704 2322 se
732 2263 864 2323 maxime
887 2265 1072 2325 acerbatum

43 2387 108 2428 esse
129 2365 204 2427 odio
225 2366 257 2425 in
278 2363 424 2443 chorum,
448 2385 486 2428 eo
507 2367 697 2429 confirmare
718 2367 1071 2457 studetpsuamsenten-

43 2472 128 2549 tiam,
156 2481 202 2547 nt,
231 2471 256 2531 si
285 2491 360 2532 vera
392 2491 456 2532 non
488 2469 537 2548 sit,
562 2470 842 2536 miserrimasorte
866 2457 913 2535 uti
934 2495 967 2538 se
988 2476 1069 2539 velle

41 2578 246 2660 polliceatur;
268 2577 351 2638 banc
374 2599 450 2639 vero
470 2577 679 2638 miserrimam
701 2581 931 2662 sortemponit
945 2583 1069 2644 comice

42 2683 72 2742 in
93 2685 261 2746 velleribus
284 2683 404 2744 Cratini
423 2692 516 2767 atque
533 2703 640 2746 sensus
660 2693 707 2745 est
724 2696 874 2748 monente
892 2687 1068 2774 Scholiasta

40 2789 181 2874 γενοίμην
206 2788 240 2854 ἓν
267 2789 324 2853 τοῦ
347 2787 507 2873 Κρατίνου
528 2787 641 2854 κώδιον
661 2789 833 2874 (προβάτου
853 2793 1000 2856 Dindorf.
1025 2795 1066 2854 ad

40 2893 71 2954 h·
93 2897 197 2976 ilibas
219 2891 445 2978 καταοὴπωμαι
464 2896 667 2981 ἕνονροῦντος
688 2891 796 2962 αὐτοῦ.
837 2898 991 2960 Similiter
1005 2898 1064 2956 ali-

40 3001 106 3082 quis
127 3023 157 3063 se
179 3003 306 3066 devovit
326 3002 566 3087 apuduhlexims

91 3133 93 3138 ·
196 3143 238 3159 -α
257 3145 299 3158 «-
317 3144 360 3159 -·
379 3105 415 3171 εἴ
427 3093 512 3182 τίνος
531 3107 654 3189 μᾶλλον
675 3106 759 3192 φιλοῖ

27 3245 31 3253 =
113 3209 223 3292 {trove
243 3207 367 3296 ἑτέρους
390 3210 488 3295 ὑμῶν,
508 3212 653 3298 γενοίμην
673 3211 808 3296 ἔγχελυς,

117 3316 167 3381 ἵνα
187 3317 395 3398 Καλλιμέδων
415 3315 431 3383 ὅ
456 3317 591 3405 reputor
611 3316 734 3406 πρίοὶιτό
756 3343 807 3400 με.

39 3423 147 3486 Athen.
169 3424 239 3489 Vll.
262 3447 294 3510 p.
312 3431 381 3506 340.
482 3423 483 3432 ¹

58 3548 62 3553 ’
117 3532 242 3594 Leviter
271 3531 401 3615 quidem
427 3531 475 3594 his
504 3531 654 3604 conviciis
682 3529 932 3592 imminuebatur
960 3533 1059 3594 nostri

39 3645 129 3716 potae
158 3639 308 3724 dignitas,
330 3659 403 3699 nam
424 3639 634 3702 cavillationes
656 3639 688 3699 in
709 3638 854 3722 ineptias,
876 3637 989 3720 quibus
1011 3639 1060 3700 di-

38 3743 117 3801 versi
137 3744 263 3806 diversis
283 3744 436 3828 plaudere
457 3747 570 3824 solent,
598 3767 743 3830 magnam
764 3745 882 3829 ingenii
903 3755 936 3808 et
954 3747 1058 3829 poesis

39 3850 253 3912 auctoritatem
284 3850 477 3915 labefactare
507 3875 572 3915 non
602 3862 760 3938 poterant
821 3852 1056 3935 Aristophanes,

38 3968 109 4008 cum
131 3953 322 4040 Olympiadis
345 3960 555 4042 octogesimae
580 3971 708 4022 octavae
731 3981 814 4022 anno
837 3970 952 4046 quarto
974 3965 1056 4042 (424.

39 4073 56 4111 a
77 4053 159 4135 Chr,l
181 4059 308 4146 Equites
330 4063 472 4142 doceret,
493 4065 688 4170 infestissime
712 4087 871 4148 aggressus
892 4077 939 4128 est
952 4067 1056 4136 Crati-
