2814 4784
490 313 731 386 ...19-

91 495 252 558 cumulare
281 497 371 558 nobis
384 525 387 530 ·
402 497 556 572 videmur,
588 499 613 565 si
643 498 709 559 elus
739 495 855 580 ingenii
876 494 1030 566 indefesso
1053 507 1119 561 stu⁴

89 601 144 662 dio
165 601 265 664 larvas
288 624 343 664 seu
364 623 514 686 personas
538 603 576 662 ah
599 602 752 684 Aeschylo
775 601 913 683 prolatas
935 603 1060 682 (Horat.
1078 605 1117 666 Α.

89 717 178 790 poet·
200 713 269 792 275.
301 712 378 792 sqq.)
409 707 593 768 comoediae
624 707 792 790 adaptandi
819 690 980 772 inuentum
1007 699 1121 774 tribui·

90 837 170 874 mus.
220 815 341 874 Earum
373 812 456 872 enim
484 812 677 874 adminiculo
706 813 794 877 licuit
815 814 943 877 demum
963 815 1045 898 ipsos
1067 839 1121 880 ae·

91 921 199 1001 quales
223 919 263 980 ad
283 918 345 978 vivi
365 918 467 978 vultus
492 917 728 980 similitudinem
748 929 933 1003 personatos
947 921 981 982 iu
995 944 1120 986 scenam

91 1027 246 1088 inducere
273 1024 483 1106 ridendosque
511 1026 681 1105 praehere,
708 1025 752 1085 ita
781 1035 816 1086 ut
845 1025 900 1086 illa
926 1027 1059 1092 audacia
1088 1039 1121 1092 et

92 1129 324 1214 potentissimos
346 1129 393 1192 rei
422 1129 570 1212 publicae
597 1130 682 1192 viros
711 1131 886 1194 insectandi
917 1133 1067 1213 studium,
1095 1136 1122 1198 si

92 1227 196 1296 artem
215 1245 388 1318 spectamus
413 1245 507 1318 atque
538 1235 654 1298 iustum
684 1237 849 1302 adoriendi
872 1239 1056 1316 consilium,
1089 1241 1120 1302 in

92 1339 223 1402 Cratino
246 1341 333 1423 quasi
354 1341 606 1418 fundamentum,
631 1342 761 1422 habere,
782 1345 1011 1426 perfectionem
1036 1345 1121 1430 apud

88 1447 330 1531 Aristophanem
353 1448 508 1530 accepisse
534 1449 688 1510 videatur.

172 1553 448 1634 Quemadmodum
478 1553 518 1616 de
549 1553 619 1632 illis,
660 1576 741 1640 quae
771 1575 866 1639 supra
894 1556 1119 1634 recensuimus,

89 1658 135 1720 sic
157 1660 251 1722 etiam
274 1659 314 1724 dc
334 1661 465 1722 metrica
489 1670 556 1722 arte
580 1671 673 1746 atque
695 1661 734 1726 de
756 1663 919 1739 varietate,
937 1685 999 1746 qua
1010 1662 1120 1724 metris

91 1773 140 1826 est
162 1785 244 1844 usus,
266 1764 383 1850 optime
405 1767 534 1828 meritus
557 1778 603 1831 est
618 1778 725 1830 noster
742 1777 848 1852 poeta.
869 1766 1038 1852 Hephacst
1052 1767 1120 1828 En-

89 1849 273 1952 chiridsefi,
291 1878 320 1935 6.
342 1893 393 1956 47,
419 1896 445 1936 ι.
470 1873 519 1934 ed.
541 1874 636 1938 Gaisf.
684 1871 783 1934 Multa
803 1882 920 1950 metra,
948 1893 1029 1956 quae
1049 1873 1121 1934 Ari-

89 1977 264 2060 stophanen
295 1978 389 2060 vulgo
426 1977 585 2055 dicuntur,
625 1979 777 2040 Cratinus
804 1979 867 2042 iam
902 1987 1119 2062 usurpaverat.

91 2082 263 2164 Hephaest.
288 2082 308 2148 l,
330 2103 357 2140 c.
382 2100 431 2161 44,
457 2089 503 2144 13.
528 2081 632 2142 Schol.
654 2083 695 2144 ad
714 2083 872 2166 Aristoph.
895 2084 978 2146 Plut.
1000 2106 1030 2144 r.
1051 2088 1121 2164 478.

90 2189 231 2247 Mettum
245 2186 439 2262 Cratineum,
463 2187 502 2247 de
523 2206 586 2269 quo
605 2185 733 2247 uberius
751 2188 815 2268 agit
826 2189 1035 2264 Hermannus,
1053 2189 1119 2248 He-

86 2291 231 2376 phaestio
258 2297 309 2375 96,
343 2295 390 2357 15.
423 2301 455 2353 et
483 2291 660 2354 Priscianus
692 2291 796 2354 multis
824 2291 900 2353 locis
924 2311 1119 2353 commemo-

88 2407 162 2462 rant
193 2406 226 2458 et
252 2399 397 2462 referunt
430 2399 515 2461 inter
544 2407 646 2460 metra
674 2396 960 2482 polyschematista‚
982 2405 1117 2480 negante

86 2503 271 2566 Hermanno
302 2505 334 2564 in
364 2505 448 2588 Epit.
483 2504 587 2568 doctr.
618 2514 711 2566 metr.
742 2509 771 2576 §.
794 2507 862 2568 505.
886 2513 918 2565 et
939 2501 1005 2564 aliis
1028 2502 1116 2564 locis.

85 2608 280 2670 Hexametris
313 2633 406 2694 saepe
427 2633 518 2674 usum
540 2631 606 2671 esse
629 2610 793 2671 Cratinum
815 2631 931 2692 eosque
954 2630 1028 2672 cum
1049 2609 1117 2670 aliis

83 2737 233 2778 versuum
270 2719 436 2802 generibus
472 2716 632 2778 miscuisse
666 2715 846 2776 mirandum
874 2735 947 2776 sane
975 2714 1113 2778 videtur.
1195 2791 1198 2814 7

83 2822 197 2892 Athen.
227 2821 281 2884 IX.
311 2827 383 2887 385.
418 2825 457 2884 At
478 2823 682 2886 inveniuntur
702 2822 795 2883 huius
821 2821 868 2882 rei
891 2819 1031 2903 exempla
1055 2842 1117 2903 po·
1173 2865 1179 2872 -

82 2928 235 2989 tissimum
266 2929 298 2989 in
330 2930 523 3012 fragmentis,
553 2950 635 3012 quae
658 2950 694 2989 ex
716 2928 781 2989 eius
803 2926 965 3008 Ulyssihus
988 2935 1114 2986 servata

85 3043 214 3112 exstant,
237 3035 402 3119 inquibus
425 3036 609 3113 Homerum,
633 3035 721 3096 cuius
743 3032 917 3117 Odysscam
935 3031 1067 3094 maxime
1081 3031 1115 3094 iu

83 3137 187 3199 lusum
215 3149 246 3200 et
279 3141 385 3202 iocum
416 3141 557 3219 detorsit,
581 3143 613 3201 in
633 3140 742 3203 metris
765 3161 893 3223 quoque
912 3137 998 3200 haud
1019 3138 1116 3233 dubie

82 3242 221 3304 ludibrio
249 3245 370 3310 hahuit.
424 3249 460 3308 ln
489 3248 675 3310 collocando
709 3257 742 3308 et
762 3245 980 3308 distribuendo
1002 3243 1114 3322 choro,

82 3349 339 3434 quandoquidem
365 3354 397 3414 in
418 3353 530 3415 fabulis
553 3363 622 3417 crat
641 3349 827 3435 παράβασις,
851 3352 980 3414 recessit
994 3350 1116 3433 aliqua-

80 3466 173 3518 tenus
202 3479 220 3519 a
249 3457 445 3542 reliquorum
474 3459 670 3522 comicorum
700 3477 808 3528 more;
847 3475 922 3518 nam
939 3453 1116 3518 Scholiasta

81 3562 122 3623 ad
141 3564 356 3648 Aristophanis
376 3568 493 3628 Pacem
517 3574 584 3649 733.
608 3565 699 3626 dicit:
730 3559 893 3644 ἐστρέφετο
916 3554 987 3623 did
1015 3563 1115 3644 χορὸς

79 3668 135 3732 καὶ
154 3667 290 3753 ἐγίνοντο
314 3669 417 3752 ovelgas
441 3668 483 3750 δ’,
507 3682 539 3733 et
558 3669 654 3755 paulo
676 3667 824 3729 inlerius:
846 3667 1004 3749 Κρατῖνος
1028 3665 1062 3730 δὲ
1082 3667 1117 3730 ἐν

78 3774 119 3858 τῇ
140 3775 270 3861 Πυλαίᾳ
292 3777 387 3858 δηλοῖ
403 3769 452 3840 ὅτι
473 3777 506 3854 ἓξ
527 3777 595 3841 ἐστι
615 3774 691 3856 ζυγὰ
709 3771 768 3835 rod
781 3770 895 3855 χοροῦ.
938 3771 1019 3834 Cum
1035 3794 1112 3834 vero

79 3877 307 3946 chor-eutarum
328 3907 476 3948 numerus
498 3884 582 3945 idem
598 3902 722 3964 semper
735 3878 842 3956 fuerit,
861 3877 1009 3961 colligere
1023 3877 1111 3957 licet,

78 3987 212 4071 singulas
235 3991 461 4058 choreutarum
483 3991 579 4054 series
606 4010 623 4054 e
651 3987 782 4072 regione
803 3993 1020 4070 spectatorum
1045 3986 1118 4048 eol--
