2846 4788
478 346 723 416 ...85-

86 540 177 612 parat
207 527 417 608 difficultates,
451 530 491 592 de
522 532 634 615 quibus
656 529 832 592 videbimus
853 529 950 612 paulo
972 530 1115 608 inferius,

85 636 139 696 ubi
161 635 269 700 licebit
290 637 378 698 litem
397 637 504 698 forsan
527 637 684 702 discutere
706 647 739 698 et
753 636 793 698 de
807 635 932 718 singulis
945 637 1116 700 momentis

86 731 262 806 accuratius
292 742 485 826 disquirere;
514 742 578 804 boc
607 743 679 804 loco
709 742 844 805 sufficiat
872 742 1039 821 monuisse,
1062 765 1115 805 me

84 873 181 911 unam
213 850 339 910 illarum
359 848 457 910 trium
478 850 736 911 coniecturarum
758 849 926 932 recepisse,
949 870 1025 931 quas
1045 851 1116 910 Ku-

84 967 185 1018 sterus
206 954 246 1016 ad
267 954 345 1016 Suid
363 954 383 1014 l.
406 955 426 1015 l.
449 956 627 1038 proposuit,
651 955 765 1017 dubius
788 956 864 1038 ipsc,
885 979 979 1039 quem
999 977 1114 1038 sequa-

81 1073 147 1124 tur.
189 1062 299 1122 Lectio
323 1061 407 1145 apud
428 1062 557 1124 Suidam
569 1061 650 1124 baec
670 1073 735 1124 est:
760 1054 908 1138 Εὔπολις,
927 1058 1114 1136 Σωσύτολις,

75 1169 247 1247 Ἀθηναῖος
268 1177 328 1229 cet
377 1168 487 1230 Critici
510 1169 590 1230 iusto
614 1169 792 1230 eudaeiom‘s
813 1179 894 1231 esset
911 1189 1024 1231 vocem
1044 1167 1114 1228 Σω.

81 1271 207 1348 σι’πολις
236 1297 299 1340 una
320 1274 416 1336 litura
439 1273 563 1346 delere;
592 1275 688 1359 paulo
710 1275 844 1336 ieiunius
866 1277 951 1337 foret
971 1285 1004 1336 et
1023 1273 1112 1334 inso-

81 1381 207 1458 lentius,
237 1381 263 1441 si
295 1380 405 1442 Suidas
431 1380 494 1442 boc
514 1383 706 1444 vocabulum
727 1381 897 1443 addidisset
919 1382 1049 1442 maxime
1074 1401 1113 1440 eo

87 1487 229 1564 consilio,
260 1496 297 1549 ut
324 1509 436 1550 vocem
467 1478 606 1562 Εὔπολις
635 1487 801 1565 eomodo,
834 1510 897 1571 quo
926 1484 1114 1562 Σωσίπολις,

83 1593 204 1656 dictum
232 1604 265 1655 et
283 1593 455 1654 formatum
477 1616 542 1656 esse
566 1594 810 1670 demonstraret,
837 1595 988 1677 quoniam
1009 1616 1114 1676 neque

78 1699 112 1759 in
135 1701 238 1760 forme
264 1701 408 1761 vocabali
432 1691 571 1776 Εὔπολις
592 1701 711 1785 aliquid
728 1701 817 1777 insit,
842 1700 929 1784 quod
949 1701 1113 1776 miremur,

82 1826 188 1888 neque
216 1806 374 1868 vocabula
404 1806 497 1866 simili
539 1807 635 1868 modo
676 1807 851 1890 composita
889 1815 925 1866 ut
950 1805 1113 1888 Sosipolis,

78 1911 295 1993 Dicaeopolis,
326 1910 528 1992 Cratesipolis
560 1913 792 1975 desiderentur.
836 1914 901 1973 Iam
922 1912 948 1972 si
966 1911 1029 1972 hoo
1050 1920 1113 1971 sta-

58 2025 252 2102 tueremus,
274 2016 361 2075 locus
383 2017 448 2097 ipse
472 2018 676 2099 corrigendus
701 2030 790 2080 esset.
812 2023 1015 2083 utKusterus
1036 2039 1113 2100 pro-

79 2120 199 2206 posuit,
229 2115 272 2192 ὥς
290 2117 479 2192 Barabeta.
529 2121 615 2197 Quid
643 2143 720 2182 vero
749 2145 806 2184 nos
837 2124 1049 2184 desideramus
1079 2123 1112 2180 in

77 2229 153 2288 loco
183 2223 319 2286 Suidae?
350 2227 384 2286 ln
419 2225 533 2288 notitia
565 2225 604 2286 de
626 2227 785 2309 Eupolide
808 2228 907 2311 patris
927 2249 1054 2303 nomen,
1078 2226 1112 2287 in

6 2321 10 2328 ¹
76 2354 142 2418 quo
158 2330 321 2415 ‚ponendo
351 2341 384 2394 et
413 2332 606 2416 cognominis
639 2332 738 2393 instar
759 2332 905 2394 addendo
930 2332 1112 2393 Graeciita
1176 2389 1187 2396 ,

75 2449 258 2501 constantes
283 2440 385 2516 fuere,
416 2448 453 2499 ut
481 2438 514 2498 in
542 2438 669 2523 singulis
704 2438 793 2517 loeis,
820 2437 869 2499 his
891 2437 1035 2515 maxime,
1057 2437 1111 2520 qui

75 2547 174 2606 vitam
204 2544 398 2628 scriptorum
422 2543 623 2624 adumbrant,
653 2547 815 2629 postulare
837 2545 871 2606 id
890 2567 983 2629 posse
1003 2545 1111 2607 videa·

73 2673 158 2716 mur.
202 2653 312 2734 ltaque
337 2650 520 2736 Sosipolidis
551 2673 667 2715 nomen
697 2653 792 2715 fuisse
822 2652 907 2736 patri
941 2651 1109 2735 Eupolidis

74 2735 154 2818 mibi
180 2757 309 2841 quidem
336 2758 464 2822 videtur
496 2759 682 2822 coniectura
711 2781 778 2823 esse
810 2760 952 2822 omnium
977 2759 1109 2820 maxime

73 2864 259 2947 probabilis.
366 2895 369 2903 ·

159 2970 337 3033 lam'idem
364 2971 475 3033 Suidas
507 2972 540 3033 in
569 2973 771 3057 sequentibus
794 2980 1024 3032 commemorat
1042 2971 1110 3030 Eu-

73 3075 188 3158 polidis
210 3089 358 3156 mortem,
381 3101 473 3162 quae,
494 3080 586 3140 sicuti
608 3080 748 3140 omnium
769 3079 837 3152 fere
858 3087 1027 3160 poetarum
1043 3077 1110 3138 cla-

73 3203 186 3248 rorum
217 3183 362 3247 interitus
386 3185 526 3247 tenebris
547 3186 597 3246 vel
621 3186 731 3246 saltem
752 3183 893 3242 mirificis
915 3183 1109 3254 narrationi-

72 3289 132 3348 bus
154 3291 322 3352 obvolutus
344 3313 409 3354 esse
432 3291 522 3370 solet,
545 3292 669 3354 diverse
691 3313 708 3350 a
734 3288 862 3350 diversis
878 3291 995 3353 tradita
1011 3292 1109 3355 adeo-

72 3416 134 3477 que
158 3398 282 3460 sinistre
306 3399 478 3460 diiudicata
499 3409 546 3460 est
567 3399 641 3461 inde
663 3419 681 3458 a
701 3397 812 3482 priscis
835 3399 1043 3480 temporibus,
1072 3407 1109 3458 ut

73 3513 105 3564 et
129 3503 272 3566 historici
296 3514 328 3566 et
350 3506 546 3588 grammatici
571 3505 688 3566 Graeci
708 3504 791 3564 hanc
807 3502 1024 3587 quaestionem
1042 3522 1108 3563 non

70 3611 223 3672 intactam
251 3612 480 3694 relinquerent,
515 3611 591 3695 quin
612 3611 717 3694 potius
739 3609 927 3684 accuratius,
951 3608 1107 3692 quamde

70 3717 133 3784 alio
160 3717 252 3778 simili
274 3727 460 3799 argumento
484 3718 604 3778 factum
626 3724 682 3794 est,
709 3715 941 3797 disputationes
964 3715 1109 3778 institue-

69 3833 147 3883 runt
178 3824 385 3906 subtiliusque
416 3823 637 3907 disquirerent.
688 3821 851 3905 Eupolim,
874 3843 947 3882 cum
967 3823 1107 3884 fabulam

69 3926 198 4012 Βάπται
220 3931 414 4012 inscriptam,
437 3929 470 3990 in
496 3952 559 4013 qua
581 3951 622 3990 ne
643 3929 771 3991 summis
793 3930 841 3991 rei
861 3930 1010 4011 publicae
1033 3929 1106 3990 viris

67 4036 227 4126 pepercit,
248 4035 445 4118 Alcibiadem
465 4057 542 4100 vero
565 4034 763 4125 potissimum
790 4036 984 4124 perstrinxit,
1007 4037 1107 4103 docu-
