2814 4784
697 309 916 381 -ss-

286 501 411 579 cunque
440 478 604 556 libuerint,
636 477 822 562 impunitam
852 479 1035 572 facultatem
1062 479 1095 540 iu
1117 500 1206 566 suum
1227 497 1317 542 naum

286 589 345 650 sibi
367 587 528 648 vindicare
544 585 682 647 cunctati
700 605 765 647 non
785 595 866 647 sunt.
889 585 971 646 Hinc
990 585 1070 672 illud
1088 587 1210 664 Horatii
1224 585 1317 648 Satir.
1389 655 1390 664 χ

287 697 310 754 1.
356 739 364 754 .
389 717 416 757 a.
442 716 455 754 s
500 738 507 753 .

325 713 575 884 E4upolisqiitque
595 799 740 862 Cratinus
762 799 1049 885 Aristophanesque
1074 812 1190 885 poetae

1389 717 1390 744 l

325 909 429 992 Atque
452 908 515 986 alii,
538 930 675 992 quorum
695 907 861 968 comaediu
882 908 985 989 prisea
1006 909 1149 968 virorum
1171 918 1235 984 ost,

325 1016 360 1076 Si
381 1015 450 1098 quis
470 1023 539 1075 erat
562 1014 673 1098 dignus
696 1011 844 1089 describi,
868 1012 953 1094 quod
976 1014 1074 1074 malus
1098 1026 1152 1076 aut
1171 1017 1235 1092 sur,

330 1121 427 1199 Quod
446 1107 597 1182 m'oechus
620 1119 705 1182 foret
724 1129 779 1180 aut
802 1117 931 1178 sicarius
954 1129 1008 1180 ant
1029 1120 1147 1202 alioqui

326 1227 490 1307 Famosus,
511 1227 705 1288 multatum
726 1225 873 1288 libertate
896 1225 1058 1286 notabant.

286 1335 464 1418 Praecipue
488 1353 565 1394 vero
593 1333 811 1416 imperatores,
833 1331 952 1393 iudices
973 1332 1068 1415 ipsos,
1090 1330 1143 1414 qui
1168 1332 1248 1394 male
1272 1333 1320 1394 ins

288 1441 561 1518 administrabant,
594 1439 675 1501 cives
706 1459 815 1502 avaros
847 1449 903 1501 aut
924 1439 1050 1502 lascivia
1072 1439 1247 1502 diffluentes
1271 1449 1321 1500 at-

290 1569 351 1634 que
381 1547 585 1632 philosophos
608 1546 805 1610 contumeliis
828 1549 1112 1632 persequebantur3
1144 1543 1237 1631 atque
1259 1569 1321 1631 po-

272 1640 380 1738 ¹pulus
409 1677 536 1717 ornnem
564 1648 694 1718 dominis
724 1654 873 1715 timorem
897 1655 1063 1732 eximebat,
1081 1677 1158 1740 ¹curu
1180 1656 1319 1720 libenter

287 1782 352 1842 ecs,
376 1762 432 1847 qui
452 1761 566 1832 talibus
588 1759 738 1822 conviciis
758 1761 1012 1844 proscindereut,
1034 1761 1168 1824 audiret.

373 1975 547 2038 Comoedia
584 1996 621 2036 ao
651 1977 816 2061 tragoedia
853 1999 888 2040 ex
925 1999 990 2038 uno
1026 1975 1201 2059 eodemque
1228 1974 1320 2037 sonte

288 2092 379 2144 ortae
407 2084 448 2144 ad
476 2084 640 2168 Thespidis
667 2109 767 2169 usque
793 2095 928 2146 aetatem
949 2085 981 2144 in
1008 2107 1106 2144 unum
1128 2083 1321 2143 coniunctae

285 2189 500 2252 inveniuntur.
551 2191 611 2277 Hie
641 2192 735 2270 enim,
766 2193 905 2275 quamvis
924 2189 1106 2272 tragoediae
1128 2186 1319 2250 inventionis

283 2295 413 2358 laudem
443 2298 603 2359 communi
627 2298 763 2380 quadam
783 2308 928 2360 veterum
950 2295 1100 2380 opinione
1123 2295 1209 2355 inse
1231 2303 1321 2354 retu-

283 2402 372 2480 lerit,
393 2403 603 2482 cavillatione,
627 2405 704 2466 iocis
728 2415 822 2487 atque
845 2403 965 2464 facetiis
988 2401 1169 2478 salsissimis,
1192 2421 1322 2461 comoe-

284 2508 341 2568 dia
371 2507 543 2569 admodum
573 2509 685 2591 dignis,
718 2510 831 2592 quibus
866 2531 906 2570 ne
937 2507 1061 2591 optimis
1092 2507 1219 2591 quidem
1243 2507 1320 2568 viris

284 2614 443 2699 pepercit,
475 2636 567 2676 usum
587 2615 692 2692 fuisse,
732 2615 837 2676 multis
858 2625 1002 2676 veterum
1022 2614 1206 2676 testimoniis
1227 2615 1321 2675 lucu-

284 2723 392 2784 lenter
412 2729 529 2805 potest⁴
541 2721 673 2804 probari
695 2721 748 2799 (ci.
770 2721 932 2786 Plutarch.
953 2721 986 2784 in
1005 2721 1069 2784 vita
1082 2722 1190 2784 Solon.
1206 2743 1234 2782 c.
1251 2726 1320 2804 29);

279 2829 343 2890 lul.
373 2828 484 2890 Pollux
515 2829 691 2890 iocatorem
717 2849 790 2890 eum
816 2829 955 2914 appellat
976 2838 1068 2913 atque
1089 2829 1251 2890 hominem
1271 2829 1322 2888 fa-

284 2939 427 3006 cetum;.
442 2935 510 2996 ludi
532 2935 598 2996 eius
626 2935 893 3018 παιδιὰ,,παι’γνια
915 2945 947 2996 et
968 2936 1068 3015 κῶμοι
1090 2959 1107 2998 a
1128 2921 1321 2996 Dioscoride

286 3041 373 3103 dicti.
415 3042 566 3102 Susarion
587 3043 789 3126 Megarensis,
805 3043 968 3127 Thespidis
987 3042 1170 3126 discipulus,
1190 3063 1323 3104 ecurru
1386 3061 1387 3064 ’

287 3149 469 3211 disseruisse
492 3151 604 3228 fertur,
639 3151 704 3214 eius
725 3151 852 3212 fabulae
874 3159 980 3211 autem
1002 3149 1186 3211 comoediae
1211 3147 1325 3232 appel-

285 3257 383 3333 latae,
406 3255 460 3333 ita,
485 3266 520 3320 ut
544 3257 617 3320 inde
640 3259 849 3341 Megarenses,
878 3257 1116 3322 Atheniensium
1135 3255 1241 3331 vicini,
1263 3276 1324 3314 co-

284 3361 432 3424 moediae
445 3362 661 3426 inventionem
678 3365 738 3426 sibi
754 3364 929 3426 vindicasse
948 3362 1127 3429 videantur.
1159 3361 1253 3446 Apud
1271 3362 1325 3420 si-

286 3469 374 3532 culos
394 3492 522 3555 quoquc
547 3471 669 3535 exculta
704 3479 751 3536 est
772 3470 940 3532 comoedia
962 3478 994 3530 et
1013 3479 1109 3553 poeta
1128 3469 1326 3552 praecipuus

284 3586 419 3641 vocatur
447 3577 667 3660 Epicharmus,
699 3578 754 3661 qui
788 3599 861 3640 cum
884 3577 1069 3655 Phormide,
1095 3577 1206 3640 itidem
1222 3575 1328 3662 Syra·-

286 3705 416 3760 cusano,
448 3684 543 3746 iustas
574 3685 874 3774 reperissebfabulns
896 3685 1092 3767 perhibetur.
1145 3687 1226 3748 Cum
1244 3707 1330 3748 vero

285 3791 468 3855 Siculorum
498 3801 531 3855 et
560 3791 800 3856 Atheniensium
825 3792 1032 3855 diversissima
1054 3794 1138 3855 inter
1159 3814 1192 3853 se
1213 3793 1329 3854 fuisset

287 3897 505 3982 reipublicae
527 3888 723 3974 constitutio,
745 3899 913 3960 comoedia
934 3921 1062 3984 quoque
1075 3900 1241 3982 utriusque
1263 3921 1331 3982 pn-

201 4025 205 4034 “
283 4003 352 4097 puli
383 4003 539 4066 diversam
567 4004 651 4068 siam
680 4005 802 4094 ingredi
831 4004 955 4080 debuit3
990 4017 1023 4072 et
1052 4009 1176 4098 egregie
1199 4008 1326 4072 confir-2
