2846 4788
707 367 948 438 ιιι-60.-

318 525 359 611 Si
389 549 564 638 accuratius
596 549 628 610 in
655 548 835 614 fabularum
866 550 987 612 Cratini
1018 547 1136 612 indices
1157 548 1361 632 inquirimus
1400 571 1401 642 j

319 685 492 747 carumque
513 674 708 748 argumenta,
730 675 882 748 quantum
903 665 973 726 fieri
988 673 1092 748 potest
1106 664 1359 748 perlustramus,
1400 645 1401 706 l

318 759 440 844 collatis¹
463 771 509 848 iis,
521 793 612 854 ¹quae
633 781 748 855 poetae
768 771 801 832 in
821 770 969 832 dramatis
984 753 1124 856 satyricis
1142 753 1359 854 usurparunt,

318 879 399 940 mira
429 878 584 962 quaedam
613 877 697 941 iuter
725 887 895 960 utrumque
919 897 1015 960 genus
1039 876 1249 938 dramaticum
1272 878 1359 939 oriri

319 985 447 1048 videtur
466 984 667 1054 coniunctio;
698 1005 791 1067 saepe
812 984 896 1044 enim
918 982 1108 1066 argumentis
1123 1005 1140 1046 e
1154 983 1358 1068 mythologie

321 1093 429 1154 sumtis
452 1093 496 1152 ita
518 1113 589 1155 usus
611 1099 657 1150 est
677 1099 773 1172 poeta
794 1099 911 1166 noster,
942 1099 978 1150 ut
998 1089 1147 1171 neglectis
1168 1112 1244 1153 suae
1263 1101 1356 1152 aeta-

320 1200 359 1262 tis
382 1198 525 1260 ludibriis
546 1207 670 1258 tantum
689 1196 827 1272 fabulae,
850 1213 946 1280 quam'
963 1196 1162 1261 uastandam
1175 1197 1235 1257 sihi
1256 1197 1355 1278 elegit

323 1304 491 1366 consilium
520 1311 702 1384 persecutus
733 1300 1044 1384 esseperhiheatur.
1096 1305 1161 1364 lam
1181 1313 1217 1364 ut
1238 1303 1354 1384 iustam

324 1409 520 1472 diiudicandi
540 1409 622 1469 viam
648 1407 862 1492 ingrediamur
881 1407 914 1466 in
929 1406 1141 1491 disputatione
1157 1407 1257 1470 dehis
1273 1409 1353 1470 duo-

324 1519 384 1579 bus
406 1516 480 1576 artis
504 1515 695 1578 dramaticus
720 1515 887 1601 generibus
909 1535 1012 1598 neque
1034 1514 1116 1576 iusto
1138 1515 1255 1576 arctius
1273 1536 1351 1576 con-

326 1621 491 1707 iungendis
523 1644 627 1707 neque
650 1622 735 1684 ultra
754 1623 830 1684 fines
853 1619 1065 1699 accersiendis,
1091 1621 1171 1683 haec
1192 1631 1352 1684 momenta

324 1729 521 1815 potissimum
551 1729 748 1813 respicienda
777 1740 859 1791 sunt.
899 1729 943 1788 Et
963 1727 1147 1790 comoediae
1167 1737 1199 1790 ct
1219 1727 1353 1790 dramati

326 1836 462 1921 satyrico
491 1838 689 1898 Graecorum
718 1835 893 1897 communis
923 1844 970 1896 est
997 1834 1141 1918 parodia‚
1164 1857 1226 1919 qna
1246 1845 1352 1898 tamen

328 1941 453 2007 diverso
474 1939 570 2002 modo
590 1949 734 2008 utuntur.
782 1941 954 2002 Comoedia
977 1951 1196 2026 argumentum
1218 1942 1278 2003 sihi
1299 1967 1354 2026 pa-

328 2058 380 2110 rat
408 2047 568 2108 ludicrum
594 2037 699 2130 atque
720 2047 858 2110 facetum
889 2046 922 2108 in
951 2049 1046 2112 rebus
1073 2047 1153 2108 fictis
1181 2047 1351 2134 plurimum

328 2154 556 2226 consistenset
575 2153 608 2214 in
629 2153 804 2220 imitatione
827 2153 1038 2216 deteriorumz
1070 2164 1103 2216 at
1124 2176 1189 2216 non
1209 2155 1242 2216 in
1269 2154 1351 2216 omni

329 2284 445 2347 genere
466 2261 534 2334 vitii
555 2260 612 2324 sed
632 2261 836 2345 turpitudinis
858 2261 905 2345 (τό
926 2258 1081 2345 αἰσχρὸν),
1104 2262 1191 2323 cuius
1213 2283 1286 2346 pars
1310 2271 1351 2323 est

329 2368 526 2430 ridiculum·
568 2367 656 2428 Haec
690 2367 856 2444 sententia,
890 2389 973 2450 quae
1011 2377 1079 2428 tota
1108 2369 1176 2429 sere
1203 2366 1289 2429 fluxit
1319 2389 1351 2428 ex

329 2474 504 2537 Aristotelis
527 2473 627 2550 (Poet.
643 2471 682 2534 V.
703 2474 746 2551 r.)
768 2473 1049 2557 argumentatione,
1071 2473 1224 2557 integrior
1243 2475 1280 2536 fit
1302 2474 1352 2535 asl-

332 2581 397 2641 dita
427 2579 632 2662 explicatione
659 2578 751 2639 huius
780 2579 874 2661 ipsius
901 2579 1090 2665 philosophi,
1113 2581 1167 2664 qui
1187 2579 1350 2642 ridiculum

330 2687 422 2772 ponit
454 2686 487 2746 iu
519 2706 628 2748 errore
650 2684 788 2768 quodam
813 2693 846 2748 et
862 2688 1059 2770 turpitudine
1081 2686 1198 2749 doloris
1220 2695 1350 2769 experte,

330 2794 428 2857 veluti
447 2791 552 2854 statim
581 2812 717 2874 persona
739 2790 874 2854 ridicula
894 2803 988 2878 turpe
1012 2793 1088 2878 qnid
1108 2793 1148 2854 sit
1168 2802 1203 2855 et
1227 2801 1350 2853 contor-

329 2912 399 2964 tum
427 2885 493 2961 sine
528 2897 648 2964 dolore.
695 2897 833 2961 Parodia
862 2900 1047 2962 comoediae
1078 2899 1111 2962 in
1141 2921 1181 2962 eo
1206 2897 1350 2972 consistit,

330 3017 368 3069 ut
398 3005 562 3082 materiae,
593 3015 814 3090 quameunque
842 3015 969 3084 tractat,
1000 3005 1134 3069 deorum
1160 3005 1348 3088 heroumquc

330 3115 452 3176 fabulas
473 3114 592 3175 inserat
612 3114 844 3197 sententiasque
864 3123 1034 3199 poetarum
1054 3111 1256 3198 tragicorum,
1280 3134 1348 3196 quas

330 3218 377 3280 illi
398 3219 480 3283 serio
502 3229 535 3281 et
556 3231 628 3282 cum
647 3221 679 3282 vi
704 3219 839 3304 quadam
858 3221 1073 3308 protulerunt,
1092 3221 1131 3282 ad
1145 3219 1350 3283 recentiorum

331 3335 513 3410 temporum
532 3349 582 3389 res
604 3347 697 3410 saepe
718 3326 891 3388 deteriores
913 3327 1091 3406 transferat,
1112 3327 1156 3388 ita
1177 3337 1292 3405 tamen,
1308 3335 1350 3401 ut,

331 3455 405 3496 eum
425 3455 519 3518 saepe
541 3433 574 3494 in
595 3435 789 3518 tragicorum
809 3443 978 3518 poetarum
997 3433 1074 3494 locis
1096 3435 1141 3494 nil
1161 3435 1244 3513 insit,
1272 3430 1350 3516 quod

330 3539 569 3623 reprehendere
593 3539 702 3624 possis,
724 3539 909 3600 comoediae
931 3539 1068 3623 scriptor
1088 3563 1153 3601 non
1174 3551 1283 3602 utatur
1291 3551 1350 3601 tra-

330 3646 392 3730 giei
413 3647 565 3706 sermonis
587 3645 743 3730 exemplis,
774 3638 848 3730 quia
867 3667 928 3729 per
947 3667 979 3708 sc
1001 3647 1120 3732 aliquid
1142 3647 1268 3708 ridiculi
1282 3669 1351 3708 con-

268 3767 271 3770 “
328 3753 443 3829 tinent,
478 3775 573 3835 quam
598 3752 703 3835 potius
736 3752 823 3835 quod
842 3750 1076 3815 sublimioribus
1098 3763 1130 3818 et
1151 3754 1351 3816 deterioribus

331 3860 460 3922 diversis
482 3859 579 3944 igitur
599 3860 680 3920 miro
701 3860 797 3921 modo
819 3861 904 3920 inter
924 3881 957 3921 se
980 3859 1080 3922 mixtis
1106 3859 1277 3944 additoque
1297 3861 1351 3920 toti

330 3966 505 4028 sententiae
531 3967 644 4028 comici
666 3966 780 4027 coloris
801 3977 1064 4049 temperamento,
1087 3967 1253 4028 consilium
1270 3989 1353 4027 suum

332 4073 453 4155 assequi
476 4084 619 4136 conatur.
664 4065 770 4138 Genus
793 4073 919 4138 dicendi
941 4074 1026 4138 enim
1045 4075 1078 4138 in
1092 4074 1258 4142 comoedia
1268 4095 1354 4135 usur-
