2846 4788
501 359 744 428 ...89-

112 536 236 614 itinere,
259 559 321 620 quo
343 537 581 621 Hellespontum
603 540 725 623 petiere
747 539 961 619 Athenienses,
977 553 1136 604 mortuum

110 646 142 703 io
168 645 301 706 Graecia
326 644 484 727 sepultum
508 667 583 706 esse.

189 751 243 810 His
267 743 471 834 adiungamus
501 752 540 814 de
572 751 736 836 Eupolidis
763 773 852 829 cane,
875 751 963 812 cuius
987 753 1137 817 fidelitate

106 877 206 939 usque
230 855 270 916 ad
289 866 425 917 mortem
446 868 560 941 poetae
581 869 703 919 servata
725 858 908 920 comoediae
928 860 1082 941 quaedam
1096 863 1135 922 ab

104 961 238 1021 interitu
258 973 422 1046 surreptas
446 975 528 1041 sunt,
557 963 693 1048 lepidam
715 964 886 1026 admodum
908 965 1135 1042 narrationem,

103 1089 201 1150 qnam
228 1067 291 1129 hoo
321 1061 389 1130 fere
414 1069 509 1130 modo
529 1070 627 1132 tradit
648 1071 796 1132 Aelianus
819 1074 868 1132 De
890 1081 953 1140 nat,
977 1072 1070 1132 anim.
1092 1074 1132 1130 X.

102 1195 132 1236 c.
152 1193 221 1254 41.:
240 1174 389 1259 Eupolidi
409 1186 523 1259 poetae
546 1179 667 1261 Augeas
689 1179 867 1240 Eleusinius
888 1199 1020 1240 munere
1034 1179 1134 1240 dona-

99 1281 149 1341 vit
170 1303 280 1343 canem
301 1300 367 1344 non*
388 1284 483 1344 modo
506 1305 621 1367 genere
644 1285 815 1346 Molossum
836 1285 891 1346 sed
914 1286 1009 1348 etiam
1028 1287 1132 1348 forma

97 1396 327 1470 praestantem,
349 1411 444 1472 quem
467 1389 580 1450 eodem
604 1390 743 1466 nomine,
760 1409 823 1473 quo
837 1399 956 1475 Augeas
971 1403 1050 1470 erat,
1065 1393 1131 1453 Eu-

97 1494 181 1576 polis
212 1495 399 1579 appellabat.
453 1495 544 1556 Canis
567 1496 630 1558 iana
650 1497 778 1558 nomine
799 1501 920 1580 Augeas
943 1520 1016 1560 cum
1038 1499 1133 1582 longa

99 1603 328 1664 consuetudine
356 1613 424 1666 tum
454 1604 600 1666 ciborum
621 1603 779 1665 illecebris
801 1603 931 1665 allectus
953 1614 985 1667 et
1005 1581 1130 1666 blandi-

98 1705 193 1783 ditiis,
227 1708 376 1792 diligebat
409 1710 580 1772 dominum.
642 1710 722 1770 Cum
754 1709 849 1792 igitur
880 1720 995 1793 poetae
1023 1732 1128 1771 servus

95 1814 257 1896 Ephialtes
280 1817 420 1876 dramata
442 1816 597 1899 quaedam
616 1816 780 1901 Eupolidis
803 1815 989 1899 surriperet,
1007 1838 1070 1877 non
1082 1816 1129 1876 la-

94 1923 158 1984 tuit
179 1923 250 1982 cani
272 1925 362 2005 fugax
383 1943 505 1994 servus3
529 1924 684 1984 acerrimo
700 1923 822 2006 impetu
837 1923 974 2012 incurrit
995 1923 1026 1984 in
1041 1923 1126 1984 bunc

93 2029 290 2110 direptorem
311 2027 535 2110 mordicusque
558 2048 630 2086 eum
660 2028 932 2110 comprehendens
955 2029 1124 2092 interfecit.

90 2135 207 2194 Postea
242 2133 273 2192 in
303 2132 422 2215 Aegina
448 2131 578 2214 Eupolis
606 2133 735 2192 excessit
765 2154 782 2192 e
810 2134 884 2210 vita,
921 2135 1028 2216 ibique
1059 2135 1124 2194 eius

91 2261 209 2322 eorpus
231 2238 271 2300 ad
291 2238 486 2322 sepulturam
509 2237 632 2308 datum3
656 2237 742 2297 canis
763 2258 839 2298 vero
862 2240 957 2298 morti
973 2239 1054 2299 illius
1075 2240 1123 2298 in-

90 2347 262 2431 gemiscens
285 2369 347 2408 non
369 2356 492 2407 tantum
512 2343 646 2406 ullulatu
666 2345 805 2428 primum
827 2344 907 2404 illius
930 2367 1121 2408 excessume

88 2455 154 2515 vita
181 2452 256 2514 luxit
284 2455 339 2516 sed
368 2453 482 2515 deinde
514 2473 668 2513 moerore
685 2451 854 2534 inediaque
877 2453 1015 2515 extabuit
1036 2462 1068 2514 et
1089 2452 1121 2514 in

88 2560 198 2620 odium
220 2561 304 2622 vitae
327 2560 480 2621 adductus
503 2560 668 2628 exaltaris
694 2560 743 2620 sui
764 2570 867 2625 morte
890 2561 1042 2622 extinctus
1063 2569 1119 2622 est

88 2665 148 2724 llic
167 2667 253 2726 locus
276 2667 350 2728 inde
380 2667 419 2727 ad
440 2667 532 2728 huius
554 2689 642 2728 casus
663 2667 853 2728 memoriam
873 2667 1121 2730 conservandam

84 2775 171 2831 canr's
191 2774 284 2833 licetur
305 2774 412 2857 (κυνὸς
431 2772 560 2857 θρῆνυς)
581 2773 811 2857 appellabatur.
846 2773 893 2832 cf.
917 2776 1020 2834 Taetz.
1037 2773 1116 2832 Chil.

85 2879 141 2939 IV.
163 2902 191 2939 v.
215 2887 283 2960 245.
334 2885 483 2942 Moretur
517 2902 625 2941 rursus
654 2879 820 2940 difficultas
844 2877 993 2960 quoniam
1014 2878 1118 2938 Aelia-

83 3005 143 3044 nus
174 2995 206 3046 et
233 2986 401 3047 Pausanias
432 3007 495 3045 non
524 2985 673 3046 uidentur
705 2985 789 3046 inter
810 3005 842 3044 se
867 2981 1045 3043 consentire
1075 2981 1114 3042 de

81 3093 167 3168 loco,
199 3115 262 3176 quo
292 3094 473 3175 sepulcrum
500 3092 664 3176 Eupolidis
695 3092 888 3153 collocatum
919 3099 1004 3164 erat,
1034 3088 1120 3176 deli-¹

80 3198 211 3258 niendo.
253 3199 373 3280 Asopus
395 3197 507 3258 fluvius
530 3211 576 3260 ost
599 3198 761 3273 Boeotiae,
793 3196 848 3279 qui
870 3196 902 3256 in
923 3196 983 3258 hac
1006 3196 1112 3280 dispu-

80 3305 202 3365 tatione
225 3303 331 3364 locum
353 3325 417 3363 non
437 3303 552 3374 habet3
577 3303 653 3364 alius
677 3302 818 3364 eiusdem
840 3303 986 3379 nominis,
1001 3326 1112 3386 quam·
1170 3287 1177 3296 ,

75 3413 123 3474 vis
153 3413 258 3472 minor
288 3421 320 3472 et
344 3410 509 3472 deterioris
530 3413 632 3472 famae
659 3409 801 3488 (Pausan.
827 3409 865 3468 Il.
889 3412 942 3485 5.),
966 3409 1109 3491 Sicyonis

79 3541 208 3602 campos
233 3519 402 3601 percurrit.
444 3519 536 3578 Hunc
551 3515 668 3576 traiicit
679 3513 848 3574 Pausanias
862 3535 880 3573 a
893 3513 1108 3596 septentrione

76 3625 283 3708 proficiscens
313 3634 345 3686 et
375 3623 415 3683 ad
437 3624 557 3684 laeuam
577 3620 740 3703 Eupolidis
765 3620 946 3702 sepulcrum
968 3620 1109 3703 conspici

78 3729 172 3801 ‹licit;
193 3731 229 3790 iis
253 3751 341 3806 vero,
363 3729 418 3812 qui
440 3728 471 3790 in
495 3727 733 3790 Corinthiorum
753 3728 885 3810 regione
905 3737 1071 3790 versantur
1090 3751 1108 3788 a

77 3838 239 3915 laevaest
267 3833 369 3897 insula
400 3835 529 3919 Aegina,
553 3857 649 3917 quam
671 3831 745 3895 inde
769 3834 802 3894 in
825 3844 1031 3916 conspectum
1052 3856 1107 3894 ve-

77 3945 159 4006 nisse
179 3941 407 4026 Eupolidisque
429 3942 609 4024 sepulcrum
631 3949 819 4002 monstrasse
840 3939 932 4004 valde
953 3941 1105 4002 credibile

76 4060 135 4129 est,
159 4050 217 4112 nisi
239 4071 337 4112 uuum
358 4046 530 4110 alterumve
552 4046 658 4108 locum
682 4057 735 4109 aut
756 4069 870 4130 parum
892 4058 1039 4110 accurate
1054 4071 1104 4109 ex-
