2814 4784
83 1123 282 1241 Priusquam
315 1158 354 1220 ad
378 1158 626 1244 disquisitionem
649 1161 688 1226 de
718 1131 848 1224 Critino
869 1164 938 1248 ipso
959 1171 1118 1247 transgre-

87 1267 172 1348 dior,
199 1293 299 1356 pauca
326 1275 565 1357 praemonenda
595 1295 661 1338 esse
688 1277 838 1339 videntur
859 1275 898 1338 de
920 1276 1118 1352 comoediae,
1205 1266 1209 1275 ⁵

86 1395 168 1458 quae
200 1379 284 1462 apud
313 1381 452 1444 Graecos
482 1382 601 1462 floruit,
635 1382 828 1468 primordiis,
855 1383 1043 1471 quibuscum
1065 1382 1118 1444 ille

27 1519 36 1535 ι
84 1493 182 1562 poeta
206 1495 272 1548 tam
294 1497 383 1550 arcto
405 1491 534 1552 vinculo
555 1467 744 1554 coniunctus
767 1500 824 1568 est,
848 1501 885 1551 ut
908 1491 1042 1574 primus,
1066 1511 1118 1550 re-

84 1587 167 1653 lictis
201 1593 333 1656 rudibus
362 1597 624 1698 praecedentium
660 1599 751 1676 ludis,
791 1607 958 1682 spretaque
999 1595 1120 1657 inculta
1191 1677 1194 1684 Ι

84 1695 214 1760 lascivia
243 1709 276 1762 et
298 1702 512 1787 simplicitate,
543 1705 741 1768 comoediam
764 1703 804 1766 ad
825 1704 904 1764 illud
924 1701 1010 1764 floris
1031 1701 1121 1762 fasti-

85 1804 173 1888 gium
196 1807 353 1886 extulerit,
382 1811 476 1894 quale
497 1811 576 1872 nulli
597 1811 716 1896 poshac
738 1810 844 1889 aetati,
871 1811 1012 1896 nullique
1034 1811 1120 1896 genti

85 1915 254 2000 contigisse
276 1917 354 1980 mihi
370 1919 505 2002 quidem
526 1921 799 2004 persuasissimum
813 1919 928 1981 habeo.
971 1920 1004 1982 Si
1019 1921 1121 1998 Grae-

85 2041 200 2084 corum
221 2021 387 2086 historiam
409 2025 577 2108 diligenter
597 2027 836 2110 perlustramus,
860 2036 1008 2112 tempora
1027 2026 1121 2088 nobis

84 2140 264 2190 occurrunt
283 2140 453 2210 poctarum
474 2132 507 2188 in
530 2141 597 2190 arte
616 2133 737 2212 tragica
753 2131 922 2214 insignium
939 2133 1120 2192 nominibus

86 2235 184 2314 clara,
208 2255 281 2296 cum
301 2244 409 2296 tamen
431 2235 630 2296 comicorum
652 2236 701 2296 vir
723 2244 777 2294 aut
798 2235 885 2294 nulla
909 2237 964 2295 fiat
984 2239 1104 2297 mentio
1112 2262 1121 2308 ;,

86 2341 174 2426 qnod
210 2319 259 2402 eo,
276 2342 373 2424 magis
406 2341 649 2406 admirationem
677 2351 819 2404 nostram
847 2362 977 2404 movere
1004 2352 1122 2426 potest,

85 2471 161 2511 cum
192 2457 363 2531 utrumque
389 2449 493 2532 poesis
524 2469 621 2528 genus
651 2449 810 2509 adunam
835 2447 1032 2534 eandemque
1056 2449 1123 2511 ori·¹

84 2557 191 2642 ginem
215 2577 319 2639 paene
349 2554 471 2618 redeat.
524 2555 644 2616 Causae
671 2575 760 2632 vero,
784 2555 897 2638 quibus
917 2553 1039 2617 factum
1063 2565 1122 2635 est,

82 2673 121 2725 ut
142 2661 310 2724 comoedia
332 2670 364 2722 et
385 2661 550 2745 tragoedia
565 2661 695 2726 diversis
710 2661 906 2745 temporibus
929 2662 1053 2740 diversa
1072 2663 1123 2723 in·
1190 2745 1195 2754 x
1291 2661 1293 2668 ’

84 2779 249 2832 crementa
271 2769 466 2851 acceperint,
488 2769 521 2828 in
544 2769 612 2852 ipso
634 2770 761 2853 imperii
781 2769 1020 2848 Atheniensium
1039 2778 1123 2830 statu

83 2873 310 2960 requirendae,
338 2882 375 2937 ut
404 2874 584 2936 luculenter
605 2875 701 2937 docet
720 2875 939 2953 Platonius*);
973 2897 1047 2938 nam
1069 2863 1156 2935 de-⁰
1241 2929 1243 2934 .

84 2982 242 3043 moeratia
261 2982 445 3065 potentiore
467 2981 592 3044 reddita
615 2981 782 3043 comoedia
804 2981 953 3058 effloruit,
971 2979 1025 3040 illa
1044 2969 1122 3041 verd

88 3089 130 3149 ad
159 3091 257 3150 linem
284 3097 436 3172 vergente
456 3088 536 3150 haec
560 3089 652 3150 simul
676 3087 826 3153 defloruit
849 3098 881 3150 et
903 3089 1126 3170 obmutescere

86 3195 206 3280 coepit.
253 3197 465 3280 Temporibus
499 3195 631 3274 Cratini,
657 3196 823 3280 Eupolidis
854 3206 886 3260 et
907 3193 1123 3282 Arisiophanis

86 3325 161 3365 cum
182 3301 268 3384 apud
285 3303 490 3366 Athenienses
514 3325 635 3362 summa
656 3325 766 3364 rerum
786 3312 924 3386 potestas
947 3327 1043 3387 penes
1064 3327 1125 3390 po·
1192 3303 1203 3328 ⁵

86 3412 203 3498 polum
223 3419 313 3486 essct,
335 3412 389 3495 qui
411 3411 494 3471 sicut
515 3411 691 3495 imperator
714 3420 747 3472 et
768 3409 913 3512 dominus
938 3412 1042 3476 civilia
1059 3422 1126 3472 tra-

87 3521 196 3581 ctabat
222 3517 361 3600 negotia,
394 3517 539 3579 omnibus
571 3538 606 3578 ex
640 3539 742 3603 aequo
766 3537 915 3591 concessa
938 3514 1065 3578 dicendi
1086 3518 1125 3578 li-

58 3653 60 3660 ’
85 3627 225 3702 bertate,
249 3645 345 3707 quam
366 3625 482 3687 Graeci
503 3621 666 3707 ἰσηγορίαν
690 3623 862 3708 appellant,
884 3623 1125 3687 comoediarum

89 3753 217 3818 quoque
249 3730 420 3814 scriptores
446 3729 529 3792 banc
557 3729 711 3813 loquendi
736 3739 768 3792 et
788 3731 1001 3816 vituperandi,
1026 3753 1127 3816 quae·
1230 3750 1239 3756 ·

157 3931 183 3999 ')
199 3931 276 4002 Περὶ
296 3931 444 4002 διαφορᾶς
461 3935 520 3989 τῶν
539 3936 607 4002 παρ’
625 3911 746 4012 “Elisos
767 3932 941 4008 κωμῳδιῶν,
962 3935 990 3989 in
1007 3936 1128 4008 prolegg.

89 4025 200 4084 Kusteri
220 4023 254 4080 ad
274 4024 468 4106 Aristophanis
489 4025 644 4082 comoedias
664 4046 692 4099 p.
716 4029 751 4082 X.
