2846 4788
458 329 781 402 ...53-,

71 513 191 572 Forsan
221 509 389 593 legendum
419 519 466 572 est
493 509 625 593 ἐνίκησε.
672 514 719 575 cf.
749 513 854 574 Schol.
879 516 919 576 ad
938 511 1096 596 Aristoph.

70 618 131 702 Eq.
153 622 221 684 sm.
261 615 473 679 Proverbium
492 617 566 680 inde
587 627 693 679 ortum
714 629 761 681 est
780 631 928 684 monente
944 621 1098 684 Sooliasta

72 723 231 808 Στέφανον
244 722 303 803 μὲν
322 719 412 803 ἔχων,
432 721 516 802 δίψει
537 725 566 786 δ’
588 717 773 798 ἀπολωλώς.
813 723 902 786 Sicut
921 725 1002 798 hoc:

156 833 281 915 Δελφὸς
301 823 381 912 ἀνὴρ
402 825 555 914 στέφανον
574 827 633 910 μὲν
655 827 744 911 ἔχων,
767 829 852 911 δίψει
874 831 905 893 δ’
917 824 1101 907 ἀπολωλώς.

72 946 107 997 et
125 937 193 998 fere
216 936 329 998 eodem
350 936 445 998 modo
466 937 624 1020 Aristoph.
644 938 702 1021 Eq.
726 937 907 1008 bussud.
930 937 1064 1012 Κοννᾶς.

159 1039 279 1124 Ὥσπερ
308 1043 432 1118 Κοννᾶς
462 1041 615 1129 στέφανον
642 1041 701 1125 μὲν
734 1041 814 1124 ἔχων
843 1035 938 1124 azlor}
958 1042 1044 1122 δίψει
1072 1047 1103 1110 δ’

721 1143 902 1226 ἀπολωλώς.

160 1253 384 1320 Cleomachum
404 1277 536 1342 pravum
557 1267 685 1342 poetam
707 1258 853 1320 Cratinus
875 1243 1057 1344 perstriniit
1071 1258 1103 1320 iu

75 1360 226 1424 Bubulcis
251 1365 292 1426 ob
314 1364 430 1426 insulsa
448 1375 596 1448 poemata
615 1365 662 1426 his
681 1365 805 1428 verbisa

153 1461 207 1541 Ὃς
227 1461 285 1531 οὐκ
309 1467 400 1534 ἔδωκ’
420 1469 559 1534 αἰτοῦντι
578 1469 747 1556 Σοφοκλέει
762 1467 873 1556 gripor,

158 1573 204 1659 τῷ
227 1565 404 1664 Κλεομάχφ
425 1579 465 1656 δ’,
485 1568 521 1642 δν
542 1571 598 1640 οὐκ
620 1571 658 1640 tir
678 1573 786 1659 ἠξίουν
805 1580 866 1662 ἐγώ

159 1677 234 1759 ε’μοδ
254 1680 408 1748 διδάσκειν
429 1678 498 1748 οὐδ’
519 1677 558 1747 ἂν
577 1683 620 1758 εἰς
636 1677 781 1748 Ἀδώνια.

2 1836 3 1839 ,
77 1785 210 1868 Legitur
230 1788 292 1851 hoc
312 1792 523 1876 fragmentum
544 1791 628 1875 apud
649 1791 848 1854 Athenaeum
872 1792 958 1855 XlV.
980 1816 1012 1876 p·
1039 1795 1108 1856 fisa.

80 1893 119 1952 F.
172 1895 207 1958 lu
239 1896 343 1979 primo
371 1919 465 1960 versu
491 1900 617 1960 facilem
646 1901 995 1985 emendationem,=qua
1015 1901 1109 1962 metri

80 2002 200 2062 rationi
226 2003 346 2078 satisfit,
375 2004 482 2086 recepi
514 2027 531 2064 e
554 2005 702 2066 Meinekii
725 2008 798 2068 Cur.
821 2009 890 2069 crit.
911 2032 943 2092 p.
967 2029 1029 2092 70„
1056 2008 1112 2069 uhi

80 2103 253 2188 Σοφοκλέει
270 2106 386 2188 legitur
405 2129 465 2190 pro
486 2109 607 2190 vulgari
629 2111 794 2193 Σοφοκλεῖ.

166 2211 202 2272 ln
224 2209 317 2296 Horip
344 2211 384 2274 de
407 2211 519 2274 eodem
542 2213 687 2274 Cratinus
709 2214 806 2277 haec:

136 2395 145 2402 .
205 2349 247 2366 -
265 2349 307 2364 ·-
331 2349 371 2364 -·
395 2314 452 2381 ἴτω
472 2316 506 2381 δὲ
527 2317 581 2382 καί
598 2317 768 2407 τραγιφδιας

205 2419 222 2487 ὅ
248 2419 435 2506 Κλεόμαχος
458 2423 655 2505 διδάσκαλος,
677 2426 906 2512 παρατιλτριῶν
920 2442 932 2508 j

206 2527 287 2613 ἔχων
304 2532 414 2616 χορὸν,
434 2531 574 2598 Λνδισιδ
590 2534 764 2600 τιλλουσῶν
784 2532 867 2618 μέλη

206 2663 339 2725 norror.
361 2673 402 2709 -,·

84 2753 134 2810 De
153 2747 247 2810 huius
269 2746 332 2810 loci
353 2769 429 2810 vera
451 2747 606 2812 sententia
629 2758 777 2812 accurate
799 2749 1000 2832 disputarunt
1018 2749 1118 2810 intur·
1162 2799 1167 2804 ε
1273 2813 1277 2824 ,

72 2861 191 2940 'pretes
211 2855 251 2920 ad
270 2854 471 2919 Athenaeum
490 2857 575 2920 xlv.
597 2878 628 2940 p.
650 2861 720 2922 638.
741 2859 777 2918 F.

167 2962 308 3056 Similem
328 2965 369 3026 oh
384 2986 510 3026 causam
526 2965 670 3026 Cratinus
686 2965 718 3024 in
739 2963 886 3024 Mollibus
902 2958 1119 3043 Genesippum

85 3067 285 3129 ludicrorum
322 3072 498 3136 carminum
537 3081 568 3132 et
596 3070 703 3132 hilaris
734 3074 842 3131 Musae
870 3079 999 3152 poetam
1029 3075 1120 3126 notat

87 3173 175 3256 apud
196 3173 330 3248 eundem
349 3176 547 3240 Athenaeum
567 3179 651 3238 xlv,
672 3202 704 3261 p.
722 3182 791 3241 638.
805 3178 840 3236 F.
883 3177 975 3238 Hunc
990 3184 1119 3259 poetam

86 3279 209 3342 scilicet
230 3281 383 3344 iuvenisse
404 3285 542 3346 moechis
565 3295 721 3346 nocturna
742 3284 892 3362 carmina,
916 3285 1029 3368 quibus
1049 3304 1120 3343 mu-

2 3413 7 3420 ·
87 3387 235 3450 lierculas
255 3401 480 3471 provocarent,
508 3401 603 3475 atquc
634 3390 786 3452 musicam
812 3391 930 3474 partim
953 3389 993 3450 ad
1014 3387 1120 3448 molli-

87 3497 165 3558 tiem
195 3504 229 3557 et
250 3485 450 3557 dulcedinem
472 3484 657 3580 depravasse
678 3479 713 3558 et¹
731 3517 907 3573 enervasse,
938 3496 1055 3579 partim
1077 3495 1118 3557 ad

88 3603 265 3666 deteriores
287 3601 427 3666 actiones
451 3625 617 3690 usurpasse
637 3604 773 3664 aliorum
796 3623 923 3687 quoque
936 3602 1119 3685 fragmentis

53 3750 57 3760 ι
88 3719 205 3793 potest
216 3710 410 3772 confirmari.

80 3843 84 3852 ·
169 3819 303 3881 Praeter
331 3816 389 3880 hos
419 3817 564 3880 Cratinus
585 3817 700 3901 passim
721 3815 784 3902 egit
806 3817 845 3878 de
871 3815 989 3878 Cleon'e
1013 3815 1121 3878 dema-

89 3947 171 4010 gogo
194 3925 312 4004 (Schol,
335 3925 375 3986 ad
396 3925 554 4009 Aristoph.
575 3927 634 4010 Eq.
653 3927 758 4006 καφ),
781 3923 821 3985 de
842 3923 1015 3986 Panrlelete
1030 3945 1121 4007 syco-

88 4031 209 4118 phanta
232 4031 330 4112 (said.
354 4029 593 4108 Πανιελιιείοος
616 4025 751 4117 γνώμας.
772 4031 878 4095 Sohol.
899 4031 939 4095 ad
960 4017 1118 4114 Aristoph.
