2814 4784
241 329 339 412 vl,

243 505 320 578 sides
341 503 511 568 tribuenda
534 513 590 583 est,
614 502 731 568 veteris
753 499 938 566 comoediae
959 495 1086 562 fabulae
1105 505 1179 578 (una
1202 515 1276 560 cnm

242 611 534 696 pseudepigraphis)
565 622 730 676 trecentae
771 611 927 694 sexaginta
953 606 1104 690 quinque,
1140 627 1277 690 quarum

243 729 368 800 poetae,
391 720 577 782 nobilissimi
606 721 698 782 suere
721 717 943 802 Epicharmus,
975 715 1116 795 Magnes,
1153 713 1276 790 Crates,

243 835 378 910 uterque
418 827 576 904 Cratinus,
613 824 755 909 Eupolis,
790 820 1026 903 Aristophanes,
1053 819 1277 896 Pherecrates,

241 932 334 994 Plato
357 933 495 994 comicus
514 932 632 992 maior:
652 930 776 990 mediae
799 925 984 1008 comoediae
1001 926 1127 988 fabulae
1147 947 1276 988 sexcen-

243 1048 294 1099 tae
324 1036 555 1122 septendecim
580 1037 676 1096 immo
708 1035 886 1096 Athenaeus
915 1035 998 1096 VIII.
1021 1015 1091 1100 336.
1111 1037 1151 1095 D.
1175 1035 1278 1095 octin-

244 1156 354 1230 gentas
378 1145 511 1228 amplius
533 1143 656 1206 mediae
680 1142 865 1206 comoediae
887 1143 1008 1204 fabulas
1031 1143 1141 1226 legisse
1163 1165 1199 1204 ex
1221 1141 1275 1202 iis-

217 1323 227 1345 Ι
244 1275 306 1337 que
336 1261 485 1332 excerpta
505 1249 668 1312 refecisse
688 1257 837 1321 testatum
860 1271 1034 1334 earumque
1052 1260 1167 1332 poetae
1182 1248 1276 1332 quin·-

246 1358 395 1441 quaginta
415 1365 546 1439 septem,
562 1377 699 1440 quoram
720 1356 883 1440 principes
900 1358 1095 1442 Antiphanes
1117 1356 1275 1442 Carystius

244 1476 277 1528 et
304 1464 404 1527 Alexis
443 1463 599 1530 Thurias:
636 1487 737 1527 novae
768 1466 954 1528 comoediae
985 1465 1121 1549 denique
1159 1473 1277 1548 poetae

245 1572 402 1655 sexaginta
423 1581 572 1656 quatuor,
601 1572 697 1655 inque
728 1571 775 1632 his
804 1573 1062 1656 praestantissimi
1087 1570 1277 1648 Menander,

243 1680 421 1757 Philemon,
451 1678 608 1763 Diphilus,
637 1679 844 1763 Philippides,
870 1681 1059 1764 Posidippus
1087 1689 1120 1742 et
1147 1677 1279 1772 Apollo-

246 1789 351 1852 dorus.
394 1791 551 1863 Attamen,
566 1787 661 1870 quod
680 1788 812 1849 maxime
827 1786 1001 1850 dolendum
1015 1797 1072 1865 est,
1092 1785 1279 1870 perniciosis

244 1895 481 1977 tempestatibus
502 1893 782 1978 ¹funestissimisque
802 1894 963 1978 procellis,
985 1895 1100 1977 quibus
1118 1895 1150 1953 in
1170 1893 1280 1954 medio

172 2049 175 2054 .
246 2023 323 2062 aevo
345 2001 474 2084 plurimi
495 2009 528 2062 et
547 2000 823 2084 praestantissimi
831 2001 979 2064 classicae
996 1999 1189 2082 antiquitatis
1207 1999 1282 2060 the-

246 2108 331 2169 sauri
366 2107 498 2191 dispersi
526 2115 600 2168 sunt
627 2115 660 2168 et
691 2106 843 2181 distracti,
873 2115 990 2190 poetae
1013 2126 1142 2188 quoque
1165 2105 1282 2166 comici

246 2216 314 2278 fere
338 2232 457 2290 omnes,
479 2224 608 2298 praeter
628 2213 887 2296 Aristophanem,
910 2233 1006 2296 quem
1027 2231 1086 2272 nee
1109 2210 1209 2292 ipsum
1230 2211 1282 2272 in-

245 2331 371 2403 tegrum
403 2319 493 2382 nohis
523 2320 653 2382 fortuna
681 2322 826 2398 servavit,
861 2320 893 2390 iu
921 2341 1008 2388 mare
1039 2319 1205 2408 oblivionis
1234 2319 1280 2379 ita

172 2485 175 2500 ,
247 2427 354 2488 iactati
377 2435 460 2503 sunt,
480 2436 517 2488 ut
538 2427 678 2511 singulae
700 2438 825 2490 tantum
846 2428 973 2490 tabulae
991 2427 1083 2489 huius
1106 2425 1282 2490 calamitosi

247 2536 401 2618 naufragii
419 2534 533 2616 passim
551 2535 732 2618 superstites
749 2534 839 2595 nobis
856 2535 982 2596 obviam
1000 2536 1085 2596 hant.
1137 2538 1172 2656 In
1190 2535 1280 2596 colli·

248 2760 359 2814 renata
388 2748 567 2809 litterarum
597 2747 701 2808 studia
727 2745 863 2808 multum
888 2703 1006 2832 operae
1038 2758 1195 2810 naverunt
1219 2748 1279 2810 viri

249 2856 348 2928 (loeti,
379 2877 515 2938 quorum
544 2866 618 2940 post
641 2853 766 2916 llIorelli
789 2876 879 2915 curas
901 2853 1072 2917 laudantur·
1093 2856 1128 2916 hi
1149 2856 1282 2917 maxime

247 2963 338 3026 libri.

215 3121 225 3145 ,
332 3069 536 3131 Comicorum
561 3071 759 3134 Graecorum
776 3071 987 3134 sententiaei
980 3094 1029 3174 ..p
1047 3069 1177 3153 γνῶμαι.
1220 3069 1284 3130 La·

249 3173 322 3240 tinis
343 3161 484 3240 versibus
506 3179 544 3240 ab
567 3178 605 3238 H
629 3179 790 3280 Stephano
813 3179 956 3242 redditae
977 3188 1009 3240 et
1027 3175 1285 3240 annotationibus

249 3283 433 3350 illustratae.
475 3283 612 3346 Parisiis.
638 3291 725 3370 1569.
751 3305 797 3350 η

331 3388 530 3478 Bibliotheca
558 3392 804 3482 quinquaginta.¹
820 3393 1102 3456 vetustissimorum
1140 3388 1286 3480 comico-

213 3513 217 3522 ‘
252 3519 334 3577 rum,
368 3513 505 3582 quorum
534 3521 633 3584 opera
662 3521 725 3562 non
749 3509 878 3562 exstant.
921 3501 977 3561 Gr.
1000 3509 1033 3562 et
1053 3502 1122 3560 Lat.
1146 3495 1195 3559 ed.
1218 3497 1287 3560 lae.

251 3605 422 3666 Hertelius.
444 3605 601 3667 Veronae.
635 3611 723 3700 ¹⁵99·
748 3610 777 3668 8.
829 3605 910 3708 llud
930 3611 1021 3670 1616.
1043 3611 1071 3670 8.
1116 3604 1179 3681 Qui
1200 3603 1287 3676 libet·

252 3711 392 3774 editione
415 3713 511 3796 magis
533 3713 658 3798 vulgata
680 3713 802 3798 prediit
829 3710 1022 3776 subtituto:
1045 3712 1285 3776 Vetustissimo-

252 3841 325 3882 rum
347 3829 380 3882 et
401 3819 703 3902 sapientissimorum
726 3819 922 3882 comicorum
944 3819 1181 3906 qninquaginta,
1204 3841 1288 3902 quo-

197 3936 205 3949 “
252 3947 325 3988 rum
346 3947 444 4008 opera
466 3927 588 4011 integra
612 3949 676 3989 non
699 3936 828 4004 exstant,
861 3915 1047 4004 sententiae,
1073 3948 1154 4011 quae
1173 3947 1289 4008 super-

249 4041 334 4110 sunt,
370 4033 524 4124 collectae
554 4055 614 4119 per
645 4035 706 4098 Iac.
728 4033 915 4098 Hertelium.
938 4034 1088 4099 basileae.
1114 4036 1229 4114 (1550.)
1237 4037 1288 4147 ,βο
