2846 4788
471 351 732 420 fta-

7 597 9 604 ,
91 531 245 596 sustinuit.
296 531 370 594 Fuit
400 541 567 616 praetcrea
596 531 735 594 sublimis
756 532 934 614 pariterue
954 535 1119 615 gratiosus,

7 697 8 704 ,
91 638 125 700 in
157 638 299 716 consilio,
335 638 423 721 quod
441 638 670 722 assequendum
690 637 749 702 sihi
770 638 982 720 proponebat,
1004 641 1120 702 felicis-

91 746 186 809 simus
217 755 250 809 et
279 745 311 807 in
343 739 610 827 contemplatione
633 744 804 820 rationum,
827 743 939 827 quihus
960 747 1119 823 utebatur,
1159 760 1163 778 ¹

91 873 241 936 magnum
260 849 403 934 prodidit
424 873 568 927 acumen,
590 851 634 910 ita
660 859 696 911 ut
716 853 751 910 A.
775 851 813 911 Gr.
836 873 854 910 a
875 849 1020 932 Schlegel
1041 853 1121 927 (Ge-

90 956 233 1018 s'chichte
247 956 304 1018 der
320 955 452 1020 dramat.
474 960 586 1018 Kunst.
610 959 632 1016 Ι.
652 959 778 1039 p.314)‚
801 979 899 1040 quum
920 956 1006 1034 dicit,
1027 957 1120 1018 fabu-

90 1064 196 1124 larum
234 1062 356 1124 Cratini
395 1062 613 1124 characterem
642 1062 674 1122 in
700 1062 915 1144 Aristophanis
941 1064 1118 1147 Equitibus‚

85 1191 187 1254 quam
204 1158 281 1230 iero
302 1179 427 1230 secutus
448 1170 488 1230 sit
509 1161 669 1230 rationem'
693 1167 824 1251 Eupolis
849 1169 882 1228 in
902 1169 1118 1253 Aristophanis
1154 1227 1162 1246 ,

88 1276 205 1338 Avibus
233 1277 364 1340 maxime
392 1275 529 1359 perspici
556 1297 660 1359 posse,
696 1275 769 1337 satis
794 1275 888 1340 docte
911 1276 1003 1338 etad
1024 1277 1118 1360 ipsius

90 1381 139 1444 rei
159 1382 326 1442 veritatem
346 1381 473 1444 videtur
493 1381 644 1450 iudicare.
696 1379 925 1464 Aristophanae
942 1383 1026 1444 euim
1046 1403 1120 1446 eum

91 1509 152 1548 neo
173 1488 263 1550 nimis
285 1490 418 1552 acerbus
441 1499 531 1567 esset,
552 1499 589 1550 ut
603 1469 759 1565 Cratinus,
778 1509 837 1550 nec
854 1489 932 1552 adeo
954 1490 1118 1574 gratiosus,

90 1603 128 1660 at
156 1595 286 1678 Eupolis
310 1596 372 1682 sed·
386 1596 419 1658 in
450 1594 644 1658 adversarios
668 1593 1038 1658 Cratinivehementiam
1059 1598 1119 1660 ab·

93 1711 233 1762 servaret
255 1713 287 1764 et
309 1703 407 1787 ipsam
421 1703 581 1766 succincte
599 1699 750 1785 loquendi
765 1699 897 1783 gratiam
914 1701 947 1760 in
959 1701 1118 1784 Eupolide
1231 1707 1233 1714 ’

91 1806 223 1876 maxime
240 1810 440 1892 perspicuam
456 1831 521 1872 non
536 1808 719 1892 negligeret,
733 1805 870 1868 mediam
888 1807 1045 1892 quendam
1057 1807 1118 1872 ho·

87 1935 161 1974 rum
180 1913 323 1982 virorum
350 1916 455 1979 stilum
475 1923 508 1976 et
528 1915 746 1976 characterem
762 1924 890 1976 secutus
904 1923 968 1976 est.

173 2021 318 2080 Cratinus
339 2019 458 2080 fabulas
481 2021 568 2083 XXI.
589 2020 746 2101 scripsisse
768 2028 800 2081 et
824 2019 930 2084 novies
953 2021 1117 2084 victoriam

89 2133 269 2208 reponasse
300 2111 418 2186 dieitur
450 2123 548 2202 (saut
576 2145 605 2184 v.
637 2121 826 2206 Κρατῖνος);
857 2125 943 2186 idem
967 2149 1116 2188 numerus

88 2229 298 2292 confirmatur
318 2231 357 2292 ah
378 2228 522 2292 Eudooia
543 2251 575 2313 p.
598 2248 666 2314 27¹·
690 2239 722 2292 et
735 2229 940 2312 grammatico
959 2251 1115 2314 anonymo
1221 2277 1224 2283 ,

86 2336 161 2420 περὶ
179 2335 352 2423 sapphira,
374 2337 429 2422 qui
450 2337 534 2420 apud
554 2337 727 2399 Kusterum
749 2334 949 2418 Aristophani
966 2337 1117 2420 praemit-

90 2443 180 2514 titur.
232 2445 282 2506 De
303 2445 413 2528 gloria,
443 2465 540 2528 quam
562 2442 733 2506 comoediis
754 2441 817 2503 suis
838 2453 994 2504 assecutus
1018 2455 1118 2508 estet

94 2549 135 2612 de
164 2549 304 2614 victoriis
325 2551 539 2614 testimonium
567 2549 693 2612 exhibet
719 2548 942 2632 Aristophanes
972 2551 1004 2612 in
1043 2551 1116 2614 loco

89 2657 144 2722 illo
166 2657 338 2736 notissimo,
361 2659 415 2743 qui
435 2657 550 2741 legitur
570 2657 603 2718 in
624 2654 793 2740 Equitihus
816 2659 883 2720 523.
906 2677 992 2742 sqq.;
1022 2668 1055 2720 at
1076 2658 1118 2721 de

89 2785 223 2826 numero
252 2765 442 2842 fabularum,
472 2786 552 2847 quae
573 2762 668 2826 hodie
690 2763 731 2824 ad
752 2772 893 2824 nostrum
913 2774 1042 2847 poetam
1063 2785 1117 2826 re-

89 2869 247 2946 feruntur,
281 2893 393 2955 magna
413 2871 515 2934 oritur
536 2868 702 2934 difficultas
723 2847 756 2932 et
777 2869 943 2945 dubitatio,
965 2869 1116 2950 quoniam

88 2975 122 3036 in
152 2973 251 3052 libris,
282 2977 335 3060 qui
362 2987 531 3061 poetarum
557 2977 754 3038 Graecorum
786 2974 905 3036 fabulas
935 2983 1115 3052 recensent,

90 3082 223 3144 Cratino
242 3079 421 3165 plusquam
441 3081 649 3166 quadraginta
670 3091 702 3144 at
722 3103 739 3140 a
760 3080 910 3159 Marusio,
925 3079 978 3164 qui
998 3101 1053 3140 sao
1065 3079 1116 3142 iu-

90 3190 175 3252 rlioio
196 3209 268 3250 usus
290 3209 355 3250 esse
376 3189 512 3266 videtur,
534 3187 661 3271 triginta
684 3187 822 3270 quinque
848 3187 1034 3250 comoediae
1054 3187 1116 3250 tri·

88 3299 245 3366 huuntur;
276 3295 407 3358 maxime
433 3317 510 3358 vero
539 3293 699 3354 mirandus
729 3302 776 3352 est
793 3292 964 3377 Hartelius,
992 3295 1046 3377 qui
1066 3295 1115 3356 vi·-

7 3407 12 3426 '
88 3404 167 3489 giuti
189 3413 311 3464 tantum
333 3401 459 3466 nomina
479 3400 658 3480 fahsrlarum
681 3397 848 3462 enumerat
867 3409 899 3460 et
918 3399 966 3459 his
985 3419 1112 3482 quoque

85 3511 207 3594 spurias
227 3509 377 3594 quasdam
400 3507 561 3568 immiscet.
612 3508 810 3590 Quamquam
832 3504 864 3564 in
890 3503 1043 3564 eiusmodi
1064 3504 1113 3564 lo-

79 3604 143 3693 ¹cis,
166 3616 222 3700 qui
243 3635 411 3676 nnmerum
425 3624 549 3676 certum
566 3612 707 3674 indicant
727 3633 791 3674 non
809 3632 882 3673 raro
899 3611 1112 3694 corruptionis

84 3723 222 3805 suspicio
253 3721 339 3782 lraud
360 3721 518 3794 immerito
539 3727 694 3796 movetur,
727 3717 809 3780 hanc
831 3717 1043 3780 diversitatem
1063 3729 1114 3780 ta-
1146 3735 1148 3740 '

85 3851 159 3890 men
180 3839 284 3890 ortam
305 3851 370 3890 esse
393 3827 531 3892 existimo
552 3836 620 3887 tum
642 3847 677 3888 ex
697 3835 848 3908 corrupta
867 3824 951 3885 tituli
971 3847 1112 3907 quarun-

83 3937 158 3996 dam
180 3937 360 3998 fahularum
381 3937 535 4010 lectione,
555 3933 640 3994 unde
662 3933 779 3993 lactum
803 3943 858 4008 est,
881 3943 916 3993 ut
936 3933 1041 3993 variae
1065 3933 1112 3992 le-

83 4042 206 4106 ctiones
226 4043 390 4107 titulorum
411 4061 470 4128 pro
491 4039 589 4106 titulis
612 4039 804 4104 diversarum
820 4039 999 4104 fabularum
1013 4041 1112 4104 hahe-
