2814 4784
460 347 702 413 ...27-

59 523 262 585 comicorum
289 546 335 602 re
355 545 481 585 causnm
512 523 654 599 dicturis,
675 545 776 591 unum*
795 527 899 587 Ovidii
921 523 1027 607 (Trist.
1052 530 1089 590 ΙΙ.
1150 529 1151 538 ’

57 653 88 691 v.
114 631 208 714 409.)
231 631 339 692 locum
358 628 512 690 memoria
533 637 655 706 tenere,
673 630 727 713 qui
744 630 824 691 haec
836 635 934 696 verba
949 634 1090 697 exbibet:

145 738 203 798 Est
224 735 309 798 etin
331 735 505 794 obscoenos
527 731 644 796 deflexa
665 735 829 818 tragoedia
850 737 931 798 risus

224 841 388 923 Multaque
408 841 574 922 praeteriti
595 842 693 920 verba
710 842 840 924 pudoris
862 841 969 920 habet,

141 949 207 1009 Nec
229 956 324 1007 nocet
348 947 481 1024 auctorI,
503 948 632 1010 mollem
653 949 707 1031 qui
728 949 805 1010 fecit
827 945 981 1012 Achillem

228 1054 391 1137 Infregisse
413 1053 474 1116 suis
494 1055 591 1116 fortia
609 1055 696 1116 facta
716 1054 829 1118 modis.

146 1159 332 1242 Cogitarunt
361 1160 419 1221 sibi
448 1161 637 1244 interpretes
666 1161 769 1223 varios
791 1172 912 1245 poetas,
941 1170 977 1222 ut
998 1161 1092 1222 Sota-

59 1267 147 1344 dem,
179 1265 266 1344 alios,
288 1289 434 1350 quorum
466 1268 606 1329 earmina
625 1268 728 1336 aliena
748 1279 840 1330 erant
860 1292 879 1329 a
899 1267 1091 1330 verecundia

57 1385 88 1435 et
110 1375 258 1459 pudore;
280 1375 444 1458 Sophoclis
466 1398 543 1438 vero
566 1375 805 1458 intelligendum
825 1356 893 1438 esse¹
913 1375 1020 1436 drama
1041 1396 1092 1460 sa-

53 1484 208 1564 tyricum,
233 1481 319 1564 quod
338 1475 507 1560 Ἀχιλλέως
518 1480 650 1564 ἐρασταί
663 1481 897 1542 inscribebatur
913 1483 971 1560 (cf.
983 1481 1089 1542 Sebol.
1194 1471 1195 1478 δ

59 1588 99 1646 ad
127 1587 273 1670 Apollon.
303 1587 406 1650 Rbosd.
438 1591 511 1670 Arg.
541 1587 594 1648 IV.
626 1591 707 1663 816.)
736 1589 901 1670 probabile
923 1587 1091 1650 videbatur

61 1693 248 1773 qubusdam
277 1695 351 1756 vnn
383 1695 493 1756 uocas.
543 1695 638 1758 nonis
662 1717 699 1755 eo
722 1695 818 1776 magis
839 1671 1011 1778 pinnen
1031 1694 1090 1754 ua.

58 1799 154 1860 betur
175 1800 254 1864 haec
269 1798 474 1878 ¹coniectura,
496 1815 570 1862 num
591 1823 608 1862 e
633 1800 774 1863 dramate
796 1801 850 1862 illo
873 1801 1008 1885 satyrico
1030 1802 1090 1862 So-

58 1904 180 1984 phoclis
201 1930 309 1969 versus
334 1908 489 1968 eiusmodi
512 1894 710 1991 argumenti,v
726 1907 811 1991 quod
838 1908 928 1969 nobis
949 1909 1088 1990 probare

60 2012 175 2072 Ouidio
197 2015 229 2072 in
252 2013 357 2072 animo
380 2021 437 2089 est,
459 2015 607 2094 coniungi
626 2023 732 2094 potest
749 2035 821 2074 cum
836 2015 992 2076 simillimo
1011 2016 1089 2076 Cra-

59 2115 117 2172 tini
139 2125 171 2174 et
199 2115 260 2174 alio
284 2115 449 2196 Eupolidis
471 2115 544 2174 loco
564 2137 628 2176 non
649 2117 783 2176 multum
804 2118 981 2180 differente.
1026 2123 1090 2178 Lo-

61 2239 114 2278 cus
144 2230 189 2280 est
217 2218 302 2302 apud
330 2219 537 2278 Scholiastam
567 2218 607 2278 ad
628 2218 842 2300 Aristophanis
865 2221 960 2302 Vesp.
986 2242 1087 2299 ιονι,

60 2325 145 2386 unde
167 2325 277 2388 Suidas
298 2349 327 2388 v.
351 2325 489 2388 Παιδικὰ
509 2347 565 2386 sua
587 2321 767 2408 descripsit;
792 2327 939 2403 Παιδικὰ,
960 2325 1012 2390 ἐπί
1030 2329 1089 2408 θη.
1168 2385 1172 2396 ,

61 2431 149 2493 λαῶν
169 2429 223 2494 καί
243 2427 383 2516 ἆῤῥὲνων
403 2428 566 2520 ἑρωρὲνων
584 2428 724 2494 τάττεται
744 2426 764 2512 ἡ
785 2429 876 2508 λίξις.
912 2435 1088 2518 Παραδιίγ.

61 2562 141 2615 ματα
168 2539 226 2601 τοῦ
254 2537 309 2602 ἐπί
334 2537 393 2618 μὲν
420 2537 483 2600 τῶν
515 2531 654 2621 ιῖῥρένων
683 2533 849 2600 τάττεσθαι
868 2530 950 2604 ἄλλα
973 2565 1006 2604 τε
1029 2537 1087 2606 οὐκ
1156 2538 1167 2546 ’

62 2638 150 2726 ὀλίγα
170 2645 222 2708 καί
241 2647 276 2707 τδ
301 2644 447 2717 ἐνταῦθα,
467 2640 521 2706 καί
539 2644 573 2706 ἐν
592 2651 658 2718 τοῖς
676 2636 845 2724 Ἀχιλλέως
865 2645 1010 2728 ἐρασταῖς
1033 2649 1089 2728 δή..

63 2754 116 2812 λον
136 2747 176 2826 ὡς
202 2746 301 2826 οὕτως
331 2749 514 2831 ἐξειληπται·
537 2746 706 2816 ἐπιδόντων
726 2747 785 2834 γάρ
806 2775 838 2813 τι
856 2753 919 2816 τῶν
939 2750 1088 2839 Σατύρων

64 2858 103 2930 τίς
123 2861 176 2939 τὴν
195 2856 369 2942 γυναικείαν
389 2856 568 2937 ἐπιδαμιλιν,
593 2854 689 2940 φησίν
709 2851 725 2919 δ
750 2857 869 2932 Φοίνιξ·

142 2967 250 3030 Hanni
267 2968 307 3029 τὰ
325 2967 452 3044 παιδιχ’,
475 2960 518 3038 ὡς
540 2958 629 3052 ὁρᾷς,
649 2957 822 3036 ἀπώλεσας.

67 3071 214 3152 Κρατῖνος
233 3074 266 3137 ἐν
288 3069 479 3144 Πανόπταις·
803 3125 804 3128 ,

122 3156 124 3160 .
146 3178 255 3252 Μισιῖς
274 3181 334 3264 γὰρ
345 3181 401 3253 τὰς
417 3183 572 3261 γυναῖκας,
590 3176 669 3258 πρδς
684 3172 719 3238 δὲ
737 3174 865 3239 παιδικὰ
880 3172 1001 3260 τρέπεις
1019 3173 1085 3242 νῦν.

72 3269 211 3354 Εὔπολις*

141 3381 215 3469 Ἐγὼ
235 3389 266 3452 δὲ
283 3389 385 3481 χαίρω
408 3393 489 3475 πρὸς
508 3397 574 3464 ταῖς
595 3395 681 3452 σοῖσι
701 3389 866 3462 παιδικοῖς.

71 3491 184 3554 Cratini
213 3519 336 3558 versum
363 3497 440 3559 mihi
475 3497 586 3558 videor
606 3494 779 3556 restituisse
800 3483 988 3574 transposita
1009 3511 1084 3572 par-

71 3598 162 3659 ticula
191 3598 232 3678 δὲ,
264 3625 343 3687 quae
372 3604 456 3689 apud
487 3603 616 3664 Suidam
649 3601 779 3662 omnino
809 3599 913 3670 deest;
948 3596 1084 3658 eundem

72 3727 188 3770 versum
208 3719 242 3770 ut
260 3712 437 3794 Anapaestis
469 3718 675 3785 constantem,
697 3707 768 3786 alia,
787 3707 843 3768 sed
863 3705 958 3789 paulo
986 3703 1084 3762 auda-

75 3811 158 3892 ciori,
187 3826 222 3876 ut
247 3817 379 3894 videtur,
411 3814 744 3878 emendandiratione
768 3813 905 3874 restituit
925 3809 1081 3871 Iacobsius

77 3917 116 3975 ad
144 3921 259 3983 Anthol.
288 3926 341 3986 Gr.
370 3924 470 3984 Palat.
502 3925 539 3984 T.
573 3923 625 3984 Ill.
657 3943 690 4004 p.
714 3925 783 3982 666.
825 3919 933 3982 Simile
953 3936 1081 4004 prorsus

76 4027 237 4110 exemptum
255 4032 382 4114 praebet
401 4029 561 4116 Euripidis
585 4027 719 4114 Cyclops
742 4031 810 4096 sto.
