2846 4788
697 339 938 448 ..63¹-

307 525 452 608 Uterque
481 543 587 584 versus
621 533 666 586 est
698 534 882 587 tetrameter
913 525 1139 608 anapaesticus,
1173 523 1343 607 posterior

307 654 384 694 vero
410 629 604 714 spondaeum
624 630 721 693 habet
744 633 776 692 in
799 632 891 694 exitu.
944 613 1118 694 floslocos
1141 630 1263 692 Cratini
1284 651 1341 694 ex-

308 740 402 823 cipiat
424 737 500 798 alius
523 738 632 799 itidem
654 760 689 800 ex
711 738 944 822 Hephaestione
964 758 1014 820 47.
1039 759 1067 802 t.
1090 737 1264 800 dessuntns:

466 840 562 925 §aym
583 867 639 906 νυν
657 838 738 918 ἅπας
760 841 821 924 ἔχε,
842 845 943 927 σιγὰν,

465 950 519 1014 καί
538 947 637 1014 πάντα
658 947 751 1032 λόγον
764 946 850 1030 ’τάχα
870 947 982 1033 πεύσῃ.
1040 995 1044 1002 -

460 1052 557 1136 Ἡμῖν
577 1058 608 1120 δ’
626 1049 732 1138 Ἰθάκη
752 1054 863 1142 πατρίς
882 1057 966 1140 ἐστιι
1079 1091 1097 1123 ·:

464 1160 598 1244 πλέομεν
618 1165 648 1226 δ’
668 1158 722 1243 ἅμ’
742 1155 894 1228 Ὀὄυσσὲϊ
912 1160 1000 1248 θείῳ.

304 1257 403 1332 Iidem
426 1291 531 1330 versus
551 1270 700 1354 leguntur
720 1269 805 1353 apud
826 1269 1033 1332 Scholiastam
1058 1267 1098 1329 ad
1115 1267 1332 1351 Aristophanis

302 1377 385 1438 Plut.
419 1379 499 1458 598„
529 1375 613 1437 unde
640 1375 794 1460 quaedam
827 1377 859 1437 in
887 1375 1127 1459 Hephaestionis
1149 1374 1220 1436 ioco
1241 1373 1332 1436 linuit

305 1481 487 1543 emendare.
516 1483 561 1543 Cf.
594 1483 807 1546 Hemsterhus.
839 1483 879 1544 ad
905 1481 1063 1564 Aristoph.
1093 1480 1176 1542 Plut.
1205 1503 1235 1562 p.
1262 1503 1329 1561 ¹97·

302 1589 354 1650 De
384 1589 537 1650 sententia
567 1589 659 1650 simili
686 1589 797 1652 videsis
827 1589 938 1672 Eurip.
962 1589 1047 1671 Cycl.
1069 1587 1183 1650 iudea
1208 1611 1238 1652 v.
1260 1591 1329 1670 698.

304 1715 404 1777 usqne
426 1695 467 1756 ad
489 1698 585 1757 finem
606 1706 638 1758 et
658 1697 750 1758 Hom.
774 1696 837 1758 Od.
860 1718 881 1774 ι,
903 1697 935 1756 in
951 1697 1014 1758 sane
1037 1695 1210 1779 praecipue
1222 1717 1251 1755 v.
1259 1698 1329 1771 504.

300 1801 410 1864 Potest
438 1811 543 1865 tamen
572 1803 634 1862 hoe
655 1803 866 1886 fragmentum
888 1801 928 1863 ad
948 1803 1033 1863 iilam
1054 1821 1182 1885 qnoque
1201 1799 1328 1860 fabulae

300 1916 426 1990 partem
446 1909 618 1989 pertinere,
645 1914 727 1990 quae
749 1909 782 1968 in
804 1908 944 1992 Odyssea
964 1931 986 1985 ι,
1012 1927 1080 1988 172.
1102 1930 1168 1991 sqq.
1198 1907 1327 1990 exponi-

229 2007 233 2026 '
300 2021 364 2073 tur.
415 2013 483 2072 Alia
512 2015 688 2097 fragmenta
717 2035 752 2076 ex
780 2013 930 2098 Ulyxihus
962 2014 1082 2074 Cratini
1101 2021 1236 2090 servata,
1265 2033 1326 2098 que

299 2118 448 2196 referam,
470 2119 612 2182 nondum
633 2129 720 2182 certe
743 2129 942 2202 compertum
961 2117 1075 2179 haheo.

380 2227 512 2288 Homeri
525 2249 704 2290 sermonem
718 2228 823 2290 inveni
836 2229 868 2290 iu
881 2225 986 2289 multis
1001 2225 1121 2288 Cratini
1136 2225 1326 2309 fragmentis,

237 2312 239 2318 Ι
299 2333 333 2392 iu
356 2333 468 2415 quibus
489 2343 594 2394 tamen
618 2355 682 2394 non
705 2333 820 2394 diserte
846 2333 1014 2410 indicatur,
1040 2355 1081 2394 an
1106 2333 1146 2393 ad
1166 2322 1250 2393 hane
1269 2351 1326 2390 no-

297 2449 394 2500 stram
428 2440 559 2499 aliamve
588 2439 727 2501 fabulam
747 2439 938 2520 pertineant.
962 2440 1008 2501 ef.
1031 2439 1117 2500 snit
1142 2429 1251 2518 Ἄξιος
1271 2441 1323 2498 λα-

295 2547 362 2626 βεῖν
392 2537 409 2603 ὅ
440 2539 566 2621 μισθός,
593 2545 635 2605 id.
668 2568 697 2605 v.
722 2535 875 2608 ’Ἇναλτον
897 2555 929 2607 et
956 2547 1113 2610 Zonaram
1134 2545 1199 2607 suh·
1216 2543 1325 2606 eadem

296 2671 388 2712 voce·
431 2649 600 2732 Hephaest.
623 2651 753 2712 Enehir.
777 2675 809 2734 p.
836 2652 885 2732 84.
899 2657 929 2714 3.
952 2651 1058 2734 ibique
1075 2655 1206 2736 interpr.
1219 2651 1323 2734 Etym.

294 2759 338 2821 Μ.
361 2779 391 2816 v.
411 2752 589 2836 Βαβάκτης.
639 2755 808 2840 Hephaest.
836 2758 965 2820 Euchir.
993 2763 1041 2840 57.
1063 2765 1092 2826 3.
1115 2769 1148 2820 et
1169 2756 1326 2820 d’OrviHii

299 2864 427 2927 doctam
456 2864 710 2927 observationem
737 2864 778 2926 ad
806 2863 837 2926 h.
867 2864 888 2926 l.
948 2864 1081 2948 Hesyoh.
1112 2888 1142 2924 v.
1172 2862 1325 2946 Κυβηλίς.

261 3051 262 3058 Ν
298 2970 407 3035 senor.
430 2971 471 3032 aa
491 2970 649 3054 arsepu
671 2969 807 3035 scum.
827 2976 860 3043 a
873 2971 1007 3036 seueri
1027 2971 1147 3036 steca
1169 2995 1200 3060 p.
1225 2977 1275 3039 aa.
1292 2959 1322 3036 ‘s-

253 3091 267 3104 ‘
296 3078 353 3140 tul.
375 3078 457 3138 Poll.
481 3080 538 3157 IX.v
556 3081 605 3162 98.
1292 3116 1296 3123 ·

376 3186 499 3244 Cratini
517 3185 659 3268 Serapidi.
706 3183 860 3246 Fabulam
890 3183 1003 3246 eodem
1031 3181 1137 3246 indice
1158 3183 1323 3268 consigna-

292 3302 365 3412 taqq
388 3290 597 3374 composuisse
621 3289 839 3373 perhibentur
867 3289 1091 3374 Aristophanes
1131 3290 1254 3372 (Schol.
1287 3287 1323 3354 ad

290 3397 450 3480 Aristoph.
476 3397 568 3481 Vesp.
585 3420 615 3458 v.
637 3399 698 3480 74.)
716 3407 748 3460 et
771 3397 878 3458 Crates
900 3411 908 3456 t
916 3397 956 3456 cf.
976 3397 1082 3460 Schol.
1105 3398 1145 3482 agl
1165 3397 1322 3482 Aristoph-

289 3506 381 3569 Huh.'
398 3507 495 3586 etp),
529 3505 640 3588 quihus
668 3513 775 3565 tamen
801 3525 921 3566 summo
953 3505 1122 3567 eumviure
1145 3505 1324 3570 abiudicata

292 3622 348 3674 est.
402 3613 508 3674 Nostri
538 3621 653 3693 poetae
682 3610 789 3670 sabula
815 3633 833 3670 a
856 3611 1016 3671 veteribus
1046 3631 1139 3694 saepe
1162 3611 1320 3684 laudatur,

288 3717 333 3778 ita
363 3738 452 3792 vero,
483 3725 528 3792 ut,
557 3737 632 3778 oum
663 3691 748 3798 apusi
773 3715 910 3776 diversos
932 3715 1101 3798 scriptores
1121 3716 1206 3780 tituli
1226 3717 1321 3782 lectio

286 3825 375 3886 varia
406 3823 590 3886 exhibeatur
626 3821 658 3882 in
686 3821 733 3883 his
764 3817 914 3904 Σερίφιοι,
945 3819 1086 3907 Σιρέφιοι
1116 3821 1227 3902 (Phot.
1250 3824 1320 3884 Lex.

288 3924 468 4010 Σταθερόν),
498 3923 629 4010 Σερίφοι
658 3925 761 4005 (said.
792 3926 958 4007 Σναθέρόν,
999 3927 1134 4010 Hesyeh.
1161 3925 1322 4010 Recitator.

285 4033 392 4096 Senot
413 4034 453 4096 ad
472 4033 631 4118 Aristoph.
653 4033 747 4116 Vesp.
775 4035 846 4116 74),
867 4023 1002 4116 ’Ept'psot
1023 4033 1172 4118 (Hesych.
1191 4023 1320 4117 Ἁῖὄρυ.
