2846 4788
469 427 516 444 ..
565 339 709 468 ω’,-

71 579 158 640 Hoc·
181 600 257 644 vero
290 565 504 646 testimonium
535 603 642 644 rursus
671 583 784 643 falsum
811 593 857 643 est
887 587 1055 649 etiictum
1083 607 1103 646 a

74 688 294 769 grammaticis.
1113 667 1119 676 ι

152 796 192 856 ia
221 794 415 876 fragmentis,
433 810 469 858 ex
500 805 608 856 nostra
641 795 747 856 fabula
777 795 904 856 servatis
934 817 973 856 ne
1004 817 1103 858 unum

76 903 205 984 quidem
222 901 381 962 invenitur
403 896 578 986 vestigium,
601 923 637 962 ex
658 923 721 983 quo
746 901 911 962 Cratinum
933 916 1104 965 scommata

72 1007 184 1070 iecisse
200 1007 260 1068 ·in=
280 1007 425 1090 aequales
455 1007 564 1092 aliquis
593 1007 751 1068 coniicere
772 1008 879 1090 possit,
902 1009 977 1092 quin
997 1009 1102 1092 potius

57 1113 435 1196 omuinoflconiirmatur
453 1113 608 1176 sententia
628 1113 775 1190 Platonii,
798 1135 871 1174 cum
892 1115 996 1176 omnia
1018 1117 1103 1198 frag-

75 1229 183 1279 ment-t
209 1219 249 1280 ad
278 1221 409 1282 Homeri
439 1220 611 1304 Odysseam
632 1227 664 1281 et
686 1220 814 1304 quidem
839 1222 880 1282 ad
900 1221 1102 1304 rhapsodiam

75 1348 204 1404 nonam,
232 1349 312 1411 guae
334 1327 472 1388 fabulam
493 1327 532 1387 de
554 1327 651 1412 Ulyxe
675 1336 706 1387 et
728 1328 864 1411 Cyclope
885 1338 1011 1404 tractat,
1043 1349 1102 1412 op-

73 1433 150 1494 time
170 1433 290 1517 possint
310 1435 435 1507 referri.
484 1433 655 1515 Singularis
687 1434 770 1495 enim
792 1435 912 1495 Cratini
936 1435 1104 1496 character

74 1539 108 1600 in
136 1561 174 1601 eo
203 1540 354 1618 consistit,
378 1539 475 1624 iquod
499 1540 531 1600 in
546 1538 716 1602 nonnuliis
742 1539 854 1601 fabulis
875 1542 1009 1624 parodia
1030 1563 1102 1602 usus

75 1645 155 1707 adeo
177 1657 359 1710 constanter
379 1635 471 1708 suum
491 1644 661 1707 consilium
671 1645 884 1730 persequitur,
896 1657 932 1707 ut
944 1648 1019 1709 inde
1033 1651 1104 1730 qui-

75 1752 149 1814 dem
169 1772 289 1838 magna·
303 1753 394 1816 inter¹
408 1775 481 1815 eum
499 1751 805 1836 Aristophanemque
826 1749 987 1838 diversitas
1006 1753 1104 1816 statui

75 1879 168 1941 posse
188 1861 343 1922 videatur.
394 1859 491 1937 Quod
507 1878 585 1922 vero
603 1859 728 1920 fabulae
750 1867 878 1920 nostrae
898 1858 1013 1921 chorus
1034 1881 1104 1920 orn-

75 1965 152 2026 nino
175 1965 350 2048 denegatur
371 1988 389 2025 a
409 1965 568 2044 Platonio‚
601 1987 638 2028 eo
659 1965 757 2049 magis
777 1981 909 2027 movere
929 1966 1025 2028 debet
1044 1989 1104 2028 no-

5 2135 8 2142 ,
74 2081 174 2132 stram
202 2069 457 2147 admirationem,
475 2091 547 2129 eum
567 2081 786 2152 argumentum
809 2073 910 2154 ipsum
931 2095 1007 2155 prae
1026 2073 1102 2134 reli-

74 2175 145 2258 quis
174 2174 218 2234 ita
249 2174 290 2234 sit
309 2183 536 2256 comparatum,
558 2184 594 2235 ut
614 2174 765 2256 optimam
785 2177 958 2257 praeberet.
978 2179 1103 2258 copiam
1141 2194 1147 2206 ·

74 2281 211 2342 chorum
240 2279 453 2342 constituendi
484 2301 520 2358 ex
543 2280 649 2364 Ulyxis
672 2281 774 2357 sociis,
806 2257 942 2364 quorum
963 2281 996 2340 in
1017 2283 1104 2366 frag-

72 2388 188 2450 menta
218 2387 303 2472 apua
329 2386 494 2450 Pollucem
522 2363 582 2450 vis
604 2391 654 2451 aa.
684 2387 811 2466 (aaran.
833 2389 886 2448 rx.
906 2411 938 2472 p.
961 2389 1030 2452 ses.
1054 2389 1101 2466 e.)

77 2505 112 2558 et
129 2494 396 2579 Hephaestionem
418 2492 559 2574 (Euchir.
582 2517 613 2578 p.
637 2512 686 2575 47.
711 2494 756 2574 r.)
778 2494 906 2556 servatis
920 2479 1039 2556 mentio
1054 2497 1101 2570 fit,

76 2625 150 2664 oum
179 2603 211 2664 in
238 2601 302 2664 hoc
334 2600 393 2685 ipsi
425 2601 589 2684 loquentes
610 2600 813 2680 inducantur,
836 2602 869 2663 iu
890 2602 945 2664 illo
970 2603 1103 2687 Cyclops

76 2729 130 2771 eos
158 2709 247 2772 haud
278 2707 373 2771 dubie
395 2707 584 2792 alloquatur.
633 2707 696 2769 Has
718 2719 852 2792 propter
874 2731 981 2771 causas
1005 2733 1105 2794 quum

75 2813 199 2876 animus
219 2837 306 2878 meus
327 2837 401 2876 sane
424 2814 566 2893 inclinat,
588 2825 624 2876 ut
643 2817 733 2876 unius
747 2816 952 2898 ¹grammatici
973 2815 1103 2878 unicum

73 2935 108 2988 et
127 2925 221 3008 plane
242 2926 418 3002 incertum,¹
433 2923 511 3006 quin‘
528 2923 633 3006 potius
657 2923 715 3006 ipsi
733 2923 780 2984 rei
795 2923 931 3004 ipsisque
944 2922 1103 3004 fragmen-

69 3033 112 3094 tis
145 3052 321 3114 repugnans
348 3028 564 3094 testimonium
591 3029 743 3104 reiiciam,
758 3037 887 3104 tamen,
916 3049 989 3086 cum
1018 3027 1101 3090 hanc

70 3135 291 3200 coniecturam
319 3138 401 3198 iusto
430 3135 633 3196 audaciorem
661 3133 770 3216 aliquis
792 3131 891 3214 possit
914 3131 1099 3212 existimare,

71 3243 168 3306 aliam
190 3240 342 3304 invenisse
366 3241 478 3306 videor
498 3243 671 3319 rationem,
688 3262 750 3322 qua
770 3248 838 3300 tota
860 3259 911 3301 res
933 3247 1099 3325 conponi-

69 3361 126 3412 tur
147 3359 180 3411 et
200 3359 406 3432 temperatur.
427 3381 428 3384 ¹
447 3348 552 3434 Ulyris
575 3347 652 3408 socii
673 3344 844 3407 certissime
866 3345 898 3404 in
917 3345 977 3406 hac
991 3349 1100 3414 fabula

68 3441 306 3518 inducebantur
324 3465 356 3518 et
376 3457 537 3544 cumipse
558 3454 644 3516 haud
665 3452 760 3514 dubie
782 3451 823 3512 ad
844 3447 989 3535 Cyclopis
1011 3453 1098 3513 insu-

70 3563 136 3624 lam
158 3562 231 3627 navi
252 3561 499 3639 advehebantur,
527 3565 572 3624 ita
590 3581 679 3637 vero,
692 3569 737 3619 ‘ut
758 3579 832 3618 cum
851 3557 1003 3640 primaria
1024 3547 1099 3620 dra-

66 3671 161 3734 matis
190 3691 325 3754 persona
350 3680 517 3742 manerent
546 3668 578 3729 in
610 3687 714 3742 scena,
736 3661 810 3724 ¹nou
839 3664 873 3724 in
898 3650 1101 3729 orchestram¹

68 3777 311 3854 descenderent,
341 3773 397 3837 sed
425 3775 543 3837 effossis
574 3772 718 3857 Cyclopis
740 3769 838 3832 oculis
860 3772 931 3832 navi
957 3773 1100 3836 discede-

66 3867 152 3946 rent.
193 3885 265 3963 Rcs,
287 3884 437 3970 quoniam
456 3884 528 3944 satis
552 3880 700 3944 inusitata
720 3877 910 3954 habebatur,
927 3879 1098 3943 admodum

66 3989 193 4052 comica
223 4003 300 4054 erat.
351 3993 417 4052 Etsi
445 4013 509 4053 non
531 3989 652 4066 dubito,
674 3981 929 4072 quimPlatonius
951 4007 1097 4070 comper-

66 4111 140 4164 tum
166 4097 314 4165 habuerit
343 4121 415 4162 cum
443 4099 511 4183 ipso
542 4097 641 4180 Ulyxe
671 4095 772 4158 socios
799 4113 926 4178 quoque
947 4091 1110 4155 inductos*
1186 4129 1188 4135 ·
