2846 4788
699 323 938 397 ...36-

306 517 389 588 isset,
420 513 458 572 ab
489 501 601 572 eodeni
629 511 789 574 Alcibiade
810 513 843 572 in
863 511 943 572 mari
965 507 1144 571 demersum
1164 508 1338 574 temeritati

244 641 247 658 ·
306 642 380 682 suae
403 641 518 702 poenas
541 618 673 694 dedisse,
696 619 811 682 sabella
832 629 902 682 crat
920 641 983 680 non
997 618 1096 680 multo
1110 629 1182 702 post
1199 629 1338 680 mortem

306 737 419 810 poetae
450 726 594 788 conlecta
628 735 660 788 et
679 736 800 808 postea,
835 736 871 786 ut
891 726 1080 809 plerumque
1102 727 1171 786 fieri
1192 726 1272 788 solet
1292 727 1339 786 ita

307 842 399 896 aucta
429 841 462 892 et
494 831 693 914 amplificata,
726 843 760 892 ut
789 841 870 894 teste
905 833 1080 894 Scholiasta
1107 833 1261 894 luvenalis
1282 832 1339 910 (ad

296 915 401 1000 ¹Satir.
423 940 460 997 ΙΙ.
484 940 545 1018 92.)
574 937 749 998 Alcibiades
780 940 882 1020 ipsum
902 948 1030 1022 poetam
1052 941 1085 1000 ia
1103 959 1192 1002 mare
1212 939 1340 1022 praeci-

306 1044 437 1129 pitando
459 1042 600 1104 nocuisse
621 1044 828 1126 perhibeatur
850 1045 973 1106 dicens:
997 1045 1070 1121 „Tu
1092 1021 1143 1106 mc
1164 1044 1197 1104 ia
1211 1044 1338 1105 theatro

307 1150 514 1228 madefecissi,
547 1172 605 1233 ego
625 1160 657 1211 te
680 1150 711 1210 in
735 1151 815 1211 mari
834 1150 1076 1212 madefaciam.“
1129 1152 1222 1227 Quae
1240 1152 1338 1212 verba

308 1281 327 1318 a
348 1279 538 1341 quocunque
559 1256 733 1317 Scholiasta
751 1257 903 1318 luvenalis
917 1257 1017 1340 petita
1031 1256 1096 1318 sine
1112 1256 1209 1318 dubio
1223 1256 1338 1318 lluxere

310 1388 327 1426 e
351 1365 484 1424 disticho
509 1365 644 1450 Graeco,
667 1361 754 1446 quod
775 1373 932 1426 servatum
954 1364 1072 1448 legitur
1093 1363 1127 1424 in
1148 1363 1281 1424 Scholiis
1300 1363 1338 1424 ad

308 1471 476 1532 Platonem
498 1470 633 1548 ineditis,
658 1470 850 1554 divulgatum
871 1493 1012 1554 nupera
1035 1473 1192 1534 Greuzero
1216 1471 1256 1532 ad
1267 1471 1339 1532 Plo-

310 1577 368 1638 tin.
403 1575 442 1638 de
472 1578 648 1640 Pulcritud.
679 1603 710 1662 p.
739 1581 820 1658 465„
855 1579 1057 1640 emendatum
1091 1601 1109 1638 a
1137 1578 1279 1640 Iacobsio
1300 1577 1338 1636 ad

309 1684 436 1750 Anthol.
468 1688 523 1746 Gr.
551 1687 653 1749 Palat.
684 1688 720 1746 Τ.
751 1687 794 1746 lll
822 1709 854 1768 p.
882 1685 969 1768 aspi
1005 1677 1119 1748 Ἄλλοι
1142 1683 1175 1747 δὲ
1198 1683 1339 1766 λέγουσιν

311 1783 360 1854 δτι
388 1788 574 1877 ἐκωμῴδουν
604 1787 758 1874 ὄνομαστί
781 1792 857 1865 τούς
884 1783 998 1875 ἄνδρας
1021 1790 1131 1874 μέχρις
1155 1784 1339 1864 Εὐπόλιδος

310 1903 447 1980 περιεῖλε
482 1897 516 1960 δὲ
549 1889 642 1960 volvo
667 1892 867 1979 Ἁλκιβιάδης
897 1894 913 1960 ὁ
945 1903 1117 1980 στρατηγὸς
1144 1896 1198 1960 καί
1226 1893 1340 1979 ῥάμωρ.

310 1999 525 2088 Κωμῳδηθείς
551 2003 611 2088 γάρ
637 2004 722 2088 παρά
752 1997 928 2079 Εὐπόλιδος
959 1999 1087 2090 ἔρριψεν
1116 1996 1213 2066 adesir
1240 2003 1273 2067 ἐν
1303 2002 1339 2086 τῇ

310 2106 450 2193 θαλάττῃ
474 2109 508 2174 ἐν
529 2108 655 2196 Σικελίᾳ
680 2107 973 2194 συστρατευόμενον,
999 2108 1101 2175 εἰπών·

392 2213 528 2292 Βάπτας
547 2221 614 2297 μέν
635 2215 743 2302 (βάσκε
767 2223 801 2298 μ’
823 2219 857 2282 ἐν
888 2216 980 2301 Cod.)
1010 2216 1193 2303 θυμέλῃσιν,
1223 2217 1285 2300 ἐγώ
1312 2215 1342 2280 δὲ

957 2322 994 2387 σὲ
1014 2322 1134 2404 κόμασι
1153 2321 1270 2389 πόντου

434 2429 603 2507 Βαπτιζιον
623 2423 725 2492 όλὲσω
749 2427 866 2509 νάμασι
890 2427 1098 2512 πικροτάτοις.

314 2537 401 2610 Quos
431 2557 538 2595 versus
571 2537 723 2596 Iuvenalis
755 2537 912 2620 interpres
943 2538 1127 2621 simpliciter
1156 2539 1189 2598 in
1219 2537 1344 2597 latinam
1407 2517 1408 2556 ά

313 2641 452 2722 linguam
473 2642 568 2702 vertit
589 2644 699 2724 iisque,
736 2653 772 2703 ut
792 2644 970 2726 saepissime
991 2646 1062 2706 lieri
1084 2645 1176 2721 solet,
1201 2644 1241 2704 ad
1262 2666 1345 2703 suam

314 2769 383 2807 rem
407 2747 630 2808 declarandam
648 2758 680 2808 et
694 2748 911 2810 illustrandam
929 2773 1000 2812 usus
1020 2762 1076 2814 est.
1118 2751 1262 2813 Eandem
1276 2773 1346 2810 nar-

315 2855 473 2916 rationem
503 2865 695 2939 erccpcrunt
726 2858 921 2938 grammatici
945 2859 1139 2936 recentiores
1161 2868 1254 2942 atque
1277 2857 1346 2918 Pla-

313 2961 417 3021 tonius
439 2960 525 3044 (aspi
544 2961 697 3046 διαφοράς
718 2963 780 3026 τῶν
802 2967 875 3048 παρ’
893 2959 1024 3046 Ἕλλησι
1039 2964 1252 3051 κωμιρδάονὶο
1269 2963 1346 3024 Pro-

314 3067 393 3150 legg.
425 3067 464 3129 ad
488 3069 647 3152 Aristoph.
672 3069 712 3132 ed
732 3073 859 3131 Kuster.
883 3093 915 3154 p.
938 3075 990 3149 X.)
1014 3071 1108 3133 dicit:
1146 3063 1254 3152 Ἵσμεν
1274 3070 1347 3152 γοῦν

314 3175 369 3234 τόν
393 3165 533 3236 Εάπολιν
554 3173 607 3236 tal
626 3177 671 3262 argi
693 3174 814 3253 διδάξαι
837 3180 911 3254 τοῦς
931 3176 1060 3253 Βάπτας
1081 3173 1286 3260 ἀποπνιγέντα
1306 3177 1346 3250 εἷς

313 3285 370 3361 τὴν
394 3277 561 3342 θάλασσαν
585 3279 638 3343 ὑπ’
668 3283 801 3360 ἐκείνων,
831 3285 873 3359 εἰς
906 3282 962 3360 οὓς
987 3287 1104 3368 καθῆκε
1128 3287 1202 3360 τούς
1222 3282 1348 3355 Βάπτας

315 3386 369 3448 καί
394 3388 445 3448 διὰ
476 3387 567 3449 τοῦτο
604 3382 802 3473 όκνηρότεροι
829 3394 909 3474 πρδς
940 3393 978 3454 τά
1009 3389 1182 3472 σκώμματα
1212 3389 1348 3473 ἐγένοντο

315 3491 368 3555 καί
395 3491 542 3558 ἐπέλιπον
572 3492 603 3559 οἱ
626 3495 768 3581 χορημοά,
812 3507 844 3558 et
865 3499 1055 3559 Themistius
1082 3501 1171 3560 Orat.
1194 3499 1295 3560 XVII.
1318 3522 1349 3581 p.

314 3620 383 3678 449.
407 3600 455 3661 ed.
479 3601 587 3667 Petav.
610 3603 743 3664 eandem
766 3626 835 3665 rem
855 3606 960 3688 tetigit
980 3606 1084 3679 hisce;
1100 3601 1300 3686 Ἀλκιβιάδης
1318 3604 1351 3666 δὲ

314 3703 332 3772 ὅ
360 3708 510 3770 Κλεινίου
538 3707 592 3770 καί
618 3709 716 3771 ταῦτα
748 3713 919 3794 στρατηγός
946 3705 990 3776 τόν
1019 3709 1139 3796 αἱρετός
1171 3709 1230 3794 οὐχ
1254 3707 1352 3785 οὕτως

314 3809 582 3898 ἀπεμνημόνευσεν
604 3811 759 3880 Εὐπόλιδι
777 3818 821 3902 τῷ
835 3816 1118 3907 κοιμιρδιδαοκάλιρ.
1129 3822 1203 3893 τοῦς
1214 3815 1355 3894 Βάπτας,

315 3921 417 3985 καίτοι
435 3922 499 4003 τῆς
513 3921 623 4006 τέχνης
644 3918 730 4011 αὐτῷ
754 3920 902 4007 διδοόσης
921 3927 979 3989 τοῦ
1001 3923 1152 3990 σκώπτειν
1172 3926 1229 4007 τῆν
1249 3918 1353 3990 άδειαν

314 4027 350 4093 ἐκ
372 4029 435 4094 τῶν
455 4024 570 4112 νόμιον.
612 4030 702 4096 Hauc
737 4031 902 4096 audaciam
921 4033 1074 4118 Eupolidi
1094 4034 1205 4096 mortis
1230 4055 1356 4096 causam
