2846 4788
465 397 708 467 ..654-

69 595 136 659 tqq.
160 575 291 660 Ulyxem
313 577 403 640 simul
427 601 464 640 ac
486 581 586 642 socios
608 581 871 666 narratCyclopis
891 605 997 650 caseos
1019 589 1098 654 alia-

67 703 130 766 quc
157 684 310 746 eiusmodi
343 686 510 766 arripuisse
548 695 579 748 et
609 687 800 756 comedisse..
843 689 913 752 Huc
934 696 1096 775 pertinent

66 792 164 854 verba
191 791 312 854 Cratini
334 791 418 873 apud
439 792 636 854 Athenaeum
657 795 710 854 Ill.
732 817 783 876 99.
807 795 843 854 F.

146 887 250 960 Ἦσθε
270 893 454 980 πανημέριοι
472 894 695 981 χορταζόμενοι
714 895 794 982 χάλα
816 894 935 964 λευκόν.

63 1006 114 1068 Dc
145 1003 301 1067 vocabulo
325 1001 544 1089 χορτάζεσθαι,
565 1005 656 1091 qnod
688 1008 809 1069 comice
841 1007 1026 1069 translatum
1048 1020 1095 1072 est

65 1111 108 1172 ad
136 1109 290 1188 homines,
320 1101 393 1172 euin
417 1111 548 1195 proprie
570 1112 771 1174 adiumenta
798 1103 931 1198 (χάρὲος,
954 1137 1094 1198 gramen,

63 1219 209 1295 foenum)
237 1220 398 1282 referatur
427 1219 466 1280 ab
490 1217 556 1279 aliis
578 1217 619 1280 ad
640 1219 700 1280 alia
722 1219 880 1297 animalia,
901 1220 972 1282 vido
993 1219 1094 1282 inter-

61 1333 170 1408 pretes
200 1324 241 1386 ad
267 1324 289 1385 l.
317 1346 345 1387 c.
396 1322 559 1389 Sententia
585 1321 969 1408 yttatsvntvdesumu
991 1337 1093 1392 estex

61 1431 197 1493 Homeri
218 1430 358 1516 Odyssea
381 1454 403 1509 ι,
425 1437 494 1513 ²46·
553 1469 554 1474 κ

143 1529 270 1602 Αάτάαν
290 1529 321 1600 δ’
340 1531 437 1619 ἥμισυ
456 1535 515 1616 μὲν
536 1534 657 1620 θρέψας
677 1539 797 1600 λευκοῖο
819 1522 971 1621 γάλακτος

63 1653 214 1726 usurpata
234 1665 363 1728 quoque
385 1645 424 1705 ab
445 1643 599 1727 Euripide
620 1643 653 1702 in
678 1641 817 1727 Cyclope
840 1647 910 1718 3⁰.ss-

143 1745 300 1830 Μόσχους
319 1743 464 1830 άμὲλξας,
485 1751 595 1813 λευκὸν
615 1745 736 1829 εἶσχὲας
757 1743 849 1831 χάλα.

60 1856 184 1922 Locum
205 1856 325 1916 Cratini
346 1855 456 1916 itidem
474 1855 598 1944 exbibet
614 1856 792 1918 Priscianus
814 1878 847 1938 p.
867 1847 959 1937 ἰσια.
974 1873 1022 1936 24·
1040 1856 1089 1922 ed.

59 1960 187 2024 Putsch.
221 1972 254 2023 ct
283 1961 423 2043 exempla
451 1961 562 2021 Latina
592 1959 688 2022 addit.
738 1963 787 2023 De
811 1961 952 2024 dictione
974 1965 1087 2027 videsis

58 2066 262 2130 Aristotelem
282 2066 315 2123 in
336 2063 466 2125 Rhetor.
493 2067 545 2125 ΙΙΙ.
570 2087 597 2126 c.
621 2071 650 2129 3.
672 2077 705 2128 et
724 2069 856 2130 fortasse
878 2069 949 2130 illac

142 2172 233 2240 Πύον
253 2171 428 2255 δαινάμινοι
447 2169 696 2256 κάμπιπλάμενοι
715 2175 867 2260 πυριάτην

57 2304 95 2348 ea
116 2281 291 2344 Scholiasta
313 2282 353 2344 ad
373 2281 589 2366 Aristophanis
609 2285 738 2366 vespas.
759 2307 788 2346 v.
812 2288 893 2367 708„
915 2304 1007 2366 quac,
1030 2305 1087 2344 nc-

56 2391 135 2467 scio,
171 2395 233 2473 'quo
265 2390 345 2468 iure,
376 2389 422 2472 nd⁸
444 2400 587 2451 nostrum
613 2399 741 2476 poetam
770 2397 802 2452 ct
823 2392 862 2453 ad
884 2391 967 2452 hanc
989 2389 1089 2474 ipsam

56 2496 196 2557 fabulam
217 2497 336 2557 referat
357 2497 515 2558 Porsonus
540 2499 661 2573 (Traeis
686 2495 750 2556 and
770 2497 1007 2560 miscellaneous
1023 2495 1087 2558 cri-

56 2604 173 2686 ticisms
194 2626 226 2686 p.
249 2607 342 2694 2³53),
364 2624 436 2662 cum
456 2624 541 2679 sane,
564 2625 754 2686 quamquam
780 2605 909 2665 omnino
931 2595 1088 2666 ἀδέσποτα

55 2713 214 2794 leguntur,
237 2709 270 2770 in
291 2719 435 2771 nostrum
452 2719 672 2792 argumentum
690 2711 808 2794 optime
826 2711 995 2796 quadrent.
1016 2711 1087 2773 Huc

55 2827 200 2899 spectant
220 2838 345 2900 qnoque
366 2815 411 2877 illi
431 2816 559 2898 genuini
578 2838 685 2879 versus
712 2818 861 2879 Cratinir
966 2843 969 2856 ·

138 2965 267 3032 Hoinor’
288 2963 365 3046 sidit
384 2993 440 3050 μοι
460 2971 516 3032 τόν
535 2960 643 3051 ἄνδρα,
659 2975 721 3030 παῖ
735 2959 893 3051 Λαέρτου,
910 2966 969 3061 ’τᾶν
989 2968 1084 3049 palor

136 3071 170 3134 ἔν
191 3070 290 3161 Πάρῳ
312 3080 421 3140 σικυὸν
439 3073 585 3158 μέγιστον
606 3072 797 3156 σπερματίαν
817 3065 1003 3150 ὦνοάμὶυον.

51 3227 168 3290 Athen.
198 3227 236 3286 ll.
267 3231 316 3289 68.
345 3228 379 3288 C.
430 3231 465 3288 In
486 3227 659 3290 scribendis
680 3225 820 3288 versibus
841 3221 1084 3306 Schweighaeu-

54 3357 161 3398 serum
189 3343 313 3394 secutus
333 3347 420 3402 'sum
438 3335 478 3396 ad
507 3336 527 3395 l.
550 3357 577 3396 c.
600 3333 770 3396 admodum
787 3331 998 3413 probabiliter
1020 3331 1083 3391 dis-

52 3452 230 3527 putantem.
265 3440 328 3501 Cfr.
361 3441 472 3525 Odyss.
506 3465 527 3518 ι,
561 3445 628 3504 ιᾶο.
660 3459 728 3520 249.
759 3438 869 3519 Eurip.
903 3436 990 3519 Cyel.
1012 3439 1084 3499 ³25.

52 3557 125 3626 371.
165 3551 211 3610 En
231 3548 412 3631 fragmentis
436 3549 567 3625 Cratini,
587 3568 667 3630 (punc
682 3545 835 3604 hactenus
849 3541 1082 3624 adscripsimus,

54 3655 267 3737 unusquisque
289 3677 338 3716 me
361 3675 426 3714 non
447 3664 597 3716 monente
621 3651 776 3734 intelligit,
792 3658 922 3733 poetam
937 3657 1081 3709 nostrum

53 3762 85 3822 iu
104 3763 166 3822 bac
187 3761 294 3822 sabula
315 3759 455 3822 versibus
479 3759 667 3822 hexametris
688 3779 781 3838 saepe
802 3777 893 3816 usum
914 3777 991 3833 esse,
1009 3779 1085 3824 eos-v

53 3890 113 3950 que
137 3889 210 3928 cum
233 3867 300 3928 aliis
325 3885 472 3929 versuum
495 3866 662 3949 generibus
684 3863 855 3938 miscuisse,
882 3883 985 3945 neque
1008 3885 1080 3925 sen-

52 3973 166 4034 tentias
196 3974 296 4034 solum
324 3983 356 4036 ct
387 3993 566 4038 sermonem
594 3969 725 4034 Homeri
746 3967 802 4030 sed
821 3989 928 4030 versus
950 3991 1077 4054 quoque

54 4099 117 4140 noa
139 4099 211 4142 raro
233 4077 337 4162 lepide
360 4075 532 4162 depinxisse
557 4085 590 4140 et
611 4075 644 4140 iu
665 4094 791 4142 scenam
812 4071 969 4136 detulisse.
