2814 4784
463 368 701 434 ...21-

153 546 297 608 CratInus
320 547 352 608 in
373 547 484 630 Pytine
507 549 625 610 dixerat
643 548 738 608 Suida
759 557 837 610 teste
855 569 882 609 v.
901 544 1050 631 Ἀράχνηε

232 645 405 735 Ἄραχνὼν
425 653 541 733 μεστὴν
561 649 639 731 ἔχεις
662 655 718 732 τὴν
737 651 880 737 γαστέρα.

67 781 166 842 quem
197 761 302 822 locum
332 759 403 823 satis
425 757 530 840 lepide
554 759 692 819 Catullus
713 761 796 820 XIII.
820 784 848 842 7.
872 761 1007 824 imitatus
1029 775 1092 836 est;

68 889 184 949 rogans
209 867 355 948 aliquem,
376 873 412 924 ut
432 863 545 924 afferat
566 887 672 926 secum
696 865 849 950 quidquid
873 866 912 928 ad
933 869 1049 930 bonam
1062 881 1093 930 et

66 971 186 1032 laetam
208 991 340 1030 coenam
362 971 528 1052 pertineat,
550 973 654 1055 pergit

231 1107 275 1122 ·-·
296 1107 335 1122 -·
354 1109 392 1124 -·
415 1101 487 1137 nam
508 1079 555 1138 tui
577 1079 691 1139 Catulli

231 1181 344 1242 Plenus
368 1183 507 1276 saeculus
530 1195 575 1254 est
593 1207 789 1248 aranearum.

67 1285 218 1346 Nonnulli
256 1287 443 1371 interpretes
483 1291 642 1352 sacculum
675 1292 793 1354 dictum
826 1285 891 1356 esse
921 1317 938 1355 a
970 1292 1092 1355 Catullo

66 1391 239 1474 perhibent
260 1391 299 1454 de
320 1415 472 1456 crumena
494 1397 627 1458 nummis
648 1420 757 1474 vacua,
780 1375 860 1484 duae
882 1422 945 1460 non
966 1421 1023 1459 usu
1044 1407 1093 1460 te-

67 1508 170 1557 ratur.
213 1500 284 1576 Res,
306 1522 386 1582 quae
408 1502 474 1563 sine
494 1525 551 1562 usu
571 1503 676 1566 iacent
696 1527 824 1582 vacuae,
845 1506 946 1568 solent
960 1505 1093 1592 quidem

15 1632 17 1637 ·
66 1605 185 1664 obduci
217 1629 404 1668 aranearum
423 1609 550 1669 texturis
576 1611 614 1670 cf.
637 1609 763 1670 Hcsiod.
791 1602 878 1694 Ἔργ.
900 1617 969 1691 475.
990 1611 1092 1670 Plaut.

64 1712 169 1772 Aulul.
200 1715 224 1778 l.
253 1732 282 1776 2.
315 1737 343 1774 v.
374 1717 401 1790 5,
438 1719 480 1785 6.;
504 1715 644 1776 Catullus
665 1725 781 1792 tamen,
804 1739 901 1800 quum
925 1739 1026 1799 paene
1049 1716 1089 1776 ad

63 1821 198 1880 verbum
220 1817 360 1880 reddidit
382 1820 481 1881 nostri
502 1830 616 1904 poetae
640 1832 788 1900 mentem,
810 1823 894 1884 haud
914 1823 1008 1884 dubie
1023 1843 1091 1882 sac-

64 1925 173 1986 culum
203 1925 355 1986 intellexit
382 1926 421 1988 de
447 1937 567 2004 ventre,
598 1929 760 2014 audacter,
790 1929 845 1990 sed
877 1951 915 1991 eo
939 1931 1091 1991 festivius.

63 2034 133 2091 Non
161 2031 255 2113 igitur
278 2013 479 2113 cogitandum
495 2042 541 2092 est
557 2033 596 2094 de
614 2055 764 2095 crumena
779 2037 911 2094 nummis
928 2035 1091 2119 replenda,

64 2135 121 2196 sed
151 2135 190 2194 de
220 2145 331 2195 ventre
353 2136 473 2194 lautum
495 2137 671 2198 convivium
697 2151 903 2218 exspectante.
953 2141 999 2199 Cf.
1021 2141 1093 2198 Ari-

63 2239 168 2322 stoph.
188 2239 355 2302 Ecclesias.
376 2243 445 2304 813.
476 2240 544 2299 Alia
567 2241 706 2323 exempla
727 2243 799 2302 addi
821 2253 952 2324 possunt
973 2246 1092 2303 eTou-

63 2345 109 2429 pii
130 2345 310 2405 Emendatt.
334 2345 365 2405 in
389 2344 474 2406 said.
499 2347 536 2405 ll.
558 2369 589 2429 p.
611 2351 681 2409 262.

146 2453 212 2512 Iam
235 2451 352 2512 mentio
377 2451 520 2512 facienda
543 2461 589 2514 cst
608 2452 794 2529 Democriti,
810 2452 898 2514 cuius
913 2455 1092 2515 testimonio

65 2557 210 2619 Cratinus
231 2557 494 2640 praeclarissimus
515 2569 611 2642 poeta
630 2559 776 2636 habetur,
800 2560 853 2643 qui
870 2560 1014 2646 lampada
1031 2563 1094 2625 tol-

64 2666 131 2724 lens
164 2663 336 2745 praeiverit
359 2663 508 2747 reliquos,
530 2665 631 2748 iisque
652 2687 758 2726 versus
781 2687 851 2726 suos
872 2665 1039 2729 imitandos
1061 2679 1093 2730 et

64 2770 250 2832 excolendos
274 2770 449 2852 reliquerit.
469 2769 581 2832 Athen.
599 2771 653 2832 VI.
670 2795 702 2854 p.
721 2774 791 2834 268.
804 2771 841 2831 Ε.
868 2773 954 2834 Inter
973 2773 1093 2834 Cratini

62 2876 184 2936 fabulas
222 2875 366 2938 Eunidae
410 2869 579 2959 (Εὖνεῖδαι,
614 2873 702 2958 γένος
737 2871 889 2961 :aalma
931 2873 1092 2956 μουσικόν,

62 2981 166 3064 Etym.
187 2984 230 3042 M.
252 2987 322 3063 393,
343 2983 409 3062 34.)
430 3003 621 3064 magnopere
645 2983 858 3044 excelluerunt
880 2991 974 3064 atque
994 2981 1093 3043 tradit

63 3085 334 3176 AthenaeusXV.
357 3111 389 3170 p.
412 3091 480 3170 698.
504 3088 539 3148 C.
564 3109 599 3149 ex
619 3085 813 3166 Ptolemaeo,
850 3088 1089 3171 Hephaestionis

66 3189 142 3265 filio,
183 3183 393 3256 Alexandrum
426 3197 586 3278 Magnum,
621 3196 826 3257 Macedoniae
861 3217 978 3280 regem,
999 3194 1091 3254 huius
1126 3195 1131 3206 '

66 3293 214 3356 dramatis
241 3295 376 3361 lectione
398 3309 564 3383 tantopere
586 3301 777 3362 delectatum
799 3323 874 3379 esse,
907 3311 943 3362 ut
964 3302 1028 3383 ipse
1053 3301 1094 3360 li-

63 3405 124 3465 her
139 3412 358 3485 postmortem
372 3407 451 3491 regis
467 3407 507 3466 ad
523 3407 616 3490 ipsius
635 3416 729 3490 caput
743 3407 948 3468 inveniretur.
971 3407 1093 3483 Quodsi

64 3531 213 3594 magnum
251 3509 388 3572 hahetur
425 3513 592 3574 Alexandri
627 3514 787 3598 ingenium
818 3523 849 3572 et
879 3513 910 3571 in
942 3512 1091 3594 eligendis
1155 3539 1157 3544 ¹

64 3617 165 3699 poetis
190 3637 335 3692 acumen,
357 3619 655 3702 praestantissImum
677 3629 709 3680 et
730 3618 993 3702 elegantissimum
1015 3620 1093 3680 Cra-

64 3723 166 3782 tinum
187 3723 379 3784 arbitremur
399 3746 524 3787 necesse
546 3736 600 3787 est.
654 3726 700 3785 Cf.
727 3725 861 3787 Ptolem.
885 3723 1093 3808 Hephaestio-

66 3829 111 3888 nis
133 3830 154 3894 f.
179 3829 249 3924 hist.
274 3829 358 3928 apud
378 3830 528 3896 Photium
548 3832 580 3892 in
601 3831 749 3894 Biblioth.
772 3855 804 3916 p.
830 3837 896 3897 151.
919 3855 946 3892 a.
971 3855 1017 3896 ιι.
1041 3832 1091 3895 ed.

64 3931 194 3995 Belher.
