2846 4788
593 325 956 398 ‘-ll-

410 511 606 595 Πολυδειρὰς
635 521 682 574 est
705 511 738 574 id
761 516 847 597 quod
867 515 1090 602 πολυκᾶρηνος,
1134 519 1220 602 quod
1241 517 1359 581 cohae-

243 621 250 640 “
329 627 380 680 ret
410 639 482 680 cum
512 619 602 682 simili
628 621 783 683 vocabulo
804 619 1011 708 ὖψικὰρηνος,
1031 625 1063 685 in
1086 625 1210 710 Ilymno
1233 627 1272 687 ad
1290 625 1358 688 Vc-

330 746 439 786 narem
460 748 488 784 v.
513 729 582 790 265.
605 727 645 788 de
666 731 845 811 quercubus
867 743 1030 814 usurpato,
1053 743 1091 794 ut
1107 731 1289 814 intelligitur
1321 755 1359 792 cs

333 830 430 892 lliade
452 854 484 908 α,
507 853 556 912 44.

409 938 460 1018 Βῆ
484 936 518 1000 δὲ
539 941 606 1000 κατ’
630 934 812 1020 Οὐλύμποιο
836 937 977 1023 καρήνων
996 978 1037 994 -

331 1044 371 1104 el·
392 1047 425 1124 fs
449 1047 517 1125 ¹67·
542 1047 570 1123 ‘fs
592 1064 641 1124 74·
665 1069 695 1126 tp,
719 1069 765 1130 ¹9·
783 1070 816 1128 Z>
842 1051 909 1129 187.
932 1073 968 1124 ων
997 1067 1063 1114 12¹·

413 1157 483 1216 Huc
505 1163 625 1238 spectat
646 1154 801 1214 sententia
822 1153 1001 1229 Teleclidis,
1030 1153 1085 1236 qui
1102 1155 1244 1235 κεφαλὴν
1263 1151 1355 1212 Peri-

332 1264 387 1324 clis
410 1258 621 1326 indesolxlwov
640 1270 743 1338 vocat,
768 1238 854 1343 quod
874 1260 1004 1342 proprie
1026 1269 1072 1320 est
1100 1259 1248 1320 undecim
1271 1257 1357 1318 lectis

333 1372 533 1444 instructum,
554 1366 617 1426 hoc
633 1365 704 1428 loco
723 1376 820 1448 caput
835 1365 988 1450 significat
1003 1365 1152 1428 undecies
1165 1365 1357 1427 inclinatum.

337 1477 372 1536 ln
395 1474 532 1557 Olympo
559 1471 704 1533 habitant
728 1469 770 1532 dii
793 1472 877 1554 apud
898 1472 1072 1534 Homerum
1093 1473 1125 1532 in
1148 1471 1255 1556 primis
1279 1472 1358 1542 Ζευς

334 1580 430 1644 modo
451 1573 659 1661 ὑψιβρεμέτης
672 1577 807 1660 -deyss.
829 1602 853 1655 s,
873 1597 903 1656 4.
930 1578 965 1642 ll.
984 1603 1015 1655 α,
1028 1582 1111 1659 354),
1132 1577 1226 1639 modo
1244 1575 1360 1660 ἐριβρε.

334 1686 429 1770 μὲτης
452 1687 505 1766 (ll.
527 1707 554 1762 ν,
576 1689 671 1760 (inu),
694 1693 726 1744 et
747 1677 966 1767 ἀστεροπητὴς,
989 1684 1042 1765 (ll.
1066 1709 1097 1764 α,
1116 1689 1201 1766 609.;
1222 1687 1252 1763 β,
1273 1687 1357 1752 553.;

337 1819 366 1878 ρ,
390 1798 471 1876 595),
502 1794 556 1875 qui
585 1792 667 1854 coeli
687 1793 846 1875 fragorem
868 1792 934 1854 edit
957 1803 989 1854 et
1010 1792 1133 1874 fulgura
1154 1791 1309 1852 iaculatur
1330 1792 1357 1850 in

336 1910 475 1971 terram3
497 1909 605 1960 noster
626 1920 753 1981 quoque
769 1900 910 1982 luppiter
922 1893 1118 1961 Athenierlsis
1133 1898 1165 1959 in
1181 1920 1237 1959 suo
1254 1898 1358 1981 Olym-

335 2027 379 2089 po
410 2006 570 2067 interdum
597 2007 757 2089 fragorem
783 2007 948 2083 excitabat,
981 2028 1074 2091 quem
1104 2005 1228 2090 egregie
1250 2015 1357 2088 poetae

338 2111 453 2174 comici
473 2121 590 2175 vocant
608 2108 756 2196 θόρυβον,
788 2115 1016 2178 tumultuosum
1037 2114 1209 2176 clamorem
1230 2136 1248 2173 a
1267 2117 1359 2197 θορυ-

300 2301 304 2306 ,
336 2223 411 2302 βεῖν,
435 2229 514 2280 ‘cum
548 2219 687 2280 clamore
706 2220 904 2295 tumultuari,
934 2220 1089 2282 vocabulo
1119 2241 1136 2282 e
1159 2219 1280 2302 vulgari
1299 2241 1359 2280 ser-

337 2348 432 2388 mone
463 2326 559 2386 duoto
587 2325 759 2409 (Aristoph.
780 2323 917 2385 Acharn.
939 2329 996 2403 545
1022 2335 1054 2387 et
1075 2327 1180 2387 Schol.
1204 2323 1295 2388 adh.
1323 2328 1360 2402 l).

337 2430 561 2513 Aristophanes
590 2451 663 2490 cum
690 2431 723 2490 in
752 2417 1005 2492 Acharnensihus
1032 2435 1101 2515 529.
1122 2433 1242 2494 furtum
1261 2455 1363 2494 mere·

339 2537 455 2597 tricum
476 2535 674 2616 exposuisset,
694 2536 757 2595 hoc
779 2535 878 2596 modo
895 2537 1015 2619 pergit:

415 2636 573 2704 Ἐντεῦθεν
595 2633 673 2723 ὀργῇ
694 2638 873 2723 Πρρικλὲης
893 2635 1080 2720 totumne„

419 2740 602 2830 ἤστραπτεν,
624 2741 766 2828 ἐβρόντα,
790 2744 937 2821 ξυνεκύκα
956 2748 1012 2830 τῆν
1026 2745 1164 2838 Ἑλλάδα

420 2854 517 2922 &saliet
539 2853 665 2939 νόμους,
689 2852 792 2944 ὥσπερ
814 2863 924 2924 σκολιοὶ
940 2860 1178 2946 γεγραμμένους,

424 2961 467 3039 ὥς
483 2967 546 3048 νυ)
569 2962 735 3048 Μυονέας
753 2962 831 3048 μήτε
853 2967 903 3054 νῇ,
925 2965 997 3050 atv’
1018 2969 1053 3031 ἓν
1073 2961 1184 3056 icosi,

419 3067 491 3150 μήτ’
514 3072 547 3135 ἐν
566 3069 714 3157 θαλάττῃ,
735 3071 807 3154 μήτ’
827 3073 861 3137 ἐν
881 3069 996 3160 ἠπείρῳ
1017 3072 1129 3152 μένειν.

340 3175 486 3258 Denique
520 3178 561 3238 ad
585 3163 675 3241 'haec
705 3181 811 3241 omnia
841 3181 1056 3242 confirmanda
1086 3200 1370 3242 commemoremus

342 3279 460 3341 iterum
492 3282 654 3365 epitheton
685 3282 908 3368 σχινοκέφαλος
938 3311 955 3346 a
983 3287 1112 3348 Cratino
1141 3286 1181 3347 ad
1210 3287 1370 3347 Periclem

339 3387 480 3448 relatum
502 3390 598 3468 (Plut.
630 3393 744 3454 Pericl.
768 3414 795 3452 c.
819 3396 891 3468 53),
912 3391 951 3452 de
973 3413 1035 3474 quo
1055 3393 1265 3476 fragmentum
1291 3394 1373 3452 intc-

340 3515 431 3576 grum
467 3517 562 3579 supra
595 3498 824 3580 adscripsimus.
874 3498 1061 3560 Plutarchus
1092 3501 1124 3559 in
1154 3499 1219 3560 vita
1239 3497 1374 3560 Periclis

340 3621 367 3660 c.
388 3607 416 3664 3.
439 3606 495 3682 τὴν
525 3601 655 3665 σκίλλαν
684 3603 759 3663 dicit
780 3610 887 3682 σχῖνον
908 3625 1033 3687 quoque
1055 3604 1230 3674 nominari;
1257 3603 1375 3664 σκίλλα

339 3707 417 3790 quid
447 3709 486 3768 sit
512 3709 628 3790 partim
656 3720 767 3770 notum
789 3718 845 3787 est,
871 3710 987 3793 partim
1008 3709 1128 3772 discere
1149 3731 1319 3792 possumus
1344 3731 1376 3766 cs

338 3815 548 3896 Theophrasti
571 3816 708 3874 Historia
729 3816 862 3897 plantor.
886 3817 909 3875 Ι.
934 3839 962 3898 7.
985 3825 1017 3876 et
1040 3839 1089 3882 ιο.
1144 3816 1274 3878 Scilicet
1302 3793 1378 3876 cum

339 3920 444 3979 scillae
465 3920 646 3996 rotundam,
669 3921 803 4004 ideoque
826 3922 935 4004 cupitis
957 3923 1093 3985 formam
1112 3922 1261 4000 habeant,
1292 3922 1380 4005 opti-

338 4045 452 4106 meque
483 4046 555 4092 cum
584 4025 715 4088 surculis
740 4027 810 4105 illis,
834 4027 945 4110 quihus
966 4029 1097 4092 Periclis
1122 4039 1217 4114 eaput
1240 4027 1381 4092 diffundi
