2814 4784
692 367 755 388 ....
807 345 947 412 12...

317 547 453 614 quorum
481 521 616 608 imagine
636 546 720 588 -usus
751 535 829 602 erat,
862 535 898 586 ut
931 543 1085 585 summani
1113 523 1244 586 laudem
1272 526 1310 585 in
1343 547 1374 588 se

298 637 468 705 'referrem
502 654 661 716 nunquam
691 643 796 694 tamen
825 631 941 694 exstitit
962 632 1031 692 fons
1055 631 1195 709 Athenis,
1221 641 1374 714 praeter

317 763 353 802 os
377 738 506 816 Cratini,
526 739 580 824 qui
601 734 848 823 δαδεκᾴκραααας
867 737 1045 799 nominatus
1067 738 1116 800 sit.
1256 731 1258 736 ¹

396 847 445 908 Ad
475 867 656 910 mensuram
693 843 785 905 huius
815 844 983 928 fragmenti
1013 845 1100 928 qnod
1128 844 1258 922 attinet,
1295 868 1374 928 non

318 952 482 1016 offendunt
514 951 673 1034 anapaesti
704 949 819 1032 passim
850 949 947 1026 obvii,
980 971 1058 1034 quos
1087 962 1241 1013 monente
1275 951 1374 1012 Her-

317 1083 434 1122 manno
457 1059 596 1121 comicus
617 1058 772 1135 trimeter,
795 1066 924 1140 praeter
945 1055 1090 1118 ultimum
1118 1057 1250 1141 pedem,
1287 1041 1374 1118 ubiss

319 1189 381 1250 que
413 1166 559 1229 admittit.
610 1165 731 1226 Tamen
759 1173 878 1226 restare
907 1161 1034 1224 videtur
1061 1151 1228 1224 difficultas
1257 1185 1374 1246 quae*

300 1271 393 1334 'dam
421 1275 455 1333 in
481 1294 575 1334 versu
600 1270 711 1348 tertio,
732 1269 764 1329 in
786 1275 958 1353 quo,'eum
981 1277 1109 1352 quartus
1130 1291 1191 1354 pes·
1214 1293 1374 1353 anapae-

320 1389 383 1441 stus
414 1378 463 1462 sit,
493 1377 683 1440 vocabulum
712 1375 821 1438 finitur
838 1375 944 1459 prima
967 1375 1113 1438 brevium
1140 1377 1370 1462 syllabarum

320 1507 394 1545 nam
415 1483 613 1546 Hermanuus
635 1477 730 1568 (Epis.
753 1483 854 1544 doctr.
876 1492 968 1544 metr.
991 1488 1019 1558 §.
1044 1486 1122 1562 146.)
1145 1485 1267 1562 statuit,
1290 1507 1369 1545 non

321 1591 391 1654 fieri
414 1611 517 1674 posse,
539 1591 593 1652 uhi
608 1591 659 1652 vel
677 1590 891 1674 interpunctio
909 1611 1104 1673 personuere
1118 1591 1254 1674 mutatio
1272 1615 1369 1674 pau-

321 1721 387 1760 sam
407 1699 440 1760 in
463 1720 500 1760 ea
517 1698 635 1783 sy‘llaha
655 1698 724 1760 fieri
746 1693 931 1783 postularet,
954 1706 1048 1782 atque
1071 1697 1225 1759 eiusmodi
1244 1719 1365 1758 versus

247 1805 248 1810 ¹
320 1831 386 1870 non
408 1808 539 1870 dubium
558 1805 671 1884 videri,
695 1805 770 1890 quin
792 1803 936 1888 corrupti
955 1803 1089 1887 putandi
1116 1805 1186 1865 sint.
1231 1806 1365 1881 Quam-

322 1937 417 1998 quam
440 1937 506 1976 non
527 1913 675 1996 litigarim
696 1932 770 1972 cum
788 1910 858 1973 viro
881 1910 1007 1994 egregio
1029 1911 1068 1972 de
1086 1911 1257 1992 posteriori
1271 1912 1361 1995 lege,

323 2043 418 2103 quam
456 2020 550 2082 etiam
583 2029 698 2104 poetae
730 2018 845 2080 comici
878 1997 1057 2079 observasse
1087 2014 1246 2093 videntur,
1278 2039 1362 2080 cum

323 2127 404 2190 duae
431 2147 587 2209 personae
618 2125 702 2188 inter
732 2145 765 2186 se
789 2121 1005 2208 colloquentes
1027 2133 1060 2186 et
1077 2123 1110 2184 in
1133 2133 1246 2206 quarto
1266 2126 1359 2206 pede

320 2245 392 2320 past
411 2234 546 2317 primam
565 2233 710 2294 brevium
731 2232 922 2316 syllabarum
939 2253 1006 2292 sesa
1021 2231 1208 2314 excipientes
1226 2251 1356 2292 versum

322 2342 517 2423 aliquatenus
541 2339 690 2400 dirimant
709 2359 901 2421 pausamque
923 2338 1005 2398 iusto
1029 2338 1183 2411 maiorem
1193 2338 1353 2415 efficiant,

322 2446 404 2506 sicut
425 2445 523 2506 estin
544 2444 702 2526 Aristoph.
723 2445 819 2527 Vesp.
841 2449 935 2526 ¹3⁶9²
955 2453 1061 2505 tamen
1081 2465 1145 2504 non
1158 2444 1260 2522 video,
1274 2444 1351 2528 quid

324 2552 439 2628 obstet,
461 2571 524 2635 quo
546 2549 648 2610 minus
670 2549 772 2632 legem
791 2549 933 2633 priorem
953 2541 1106 2634 paulatim
1128 2553 1348 2634 restringamus

323 2672 494 2740 versusque
534 2655 648 2716 multos
687 2655 913 2738 Aristophanis,
947 2658 986 2718 ab
1026 2657 1112 2718 omni
1137 2661 1347 2742 corruptionis

323 2763 502 2848 suspicione
532 2763 663 2841 liberes,
690 2763 774 2823 inter
803 2783 892 2824 sanos
923 2785 1140 2835 numeremus3
1172 2787 1235 2826 uno
1265 2768 1346 2827 enim

323 2891 449 2934 versum
474 2870 645 2953 quendam,
674 2871 707 2930 in
738 2892 800 2953 quo
830 2880 959 2954 quartus
974 2892 1036 2956 pes
1056 2869 1228 2932 secundum
1247 2871 1346 2954 legem

323 3001 419 3063 supra
448 2977 639 3061 descriptam
670 2987 854 3061 anapaestus
884 2989 940 3056 est,
971 2966 1137 3058 recitante,
1167 2989 1231 3039 tam
1260 2989 1347 3041 arcte
1373 3037 1374 3044 ,

273 3147 274 3150 ,
323 3095 456 3175 possunt
476 3085 556 3146 duae
576 3084 669 3145 huius
691 3103 797 3146 versus
812 3095 918 3168 partes
932 3085 1175 3168 pronunciando
1191 3085 1345 3169 coniungi,

240 3277 246 3288 η
324 3201 361 3252 ut
384 3189 433 3252 vix
462 3189 590 3252 durities
624 3191 779 3276 quaedam
804 3192 855 3254 vel
884 3215 981 3278 pausa
1013 3191 1145 3271 oriatur,
1176 3191 1345 3254 cuiusmodi

326 3307 373 3358 est
395 3307 521 3358 noster:

401 3397 547 3480 Ἰλισσός
570 3402 604 3467 ἔν
624 3400 766 3489 φάρυγγι·
787 3401 822 3467 τί
839 3395 878 3467 cir
900 3401 1019 3482 siiturus
1040 3425 1111 3485 σοις

325 3520 358 3572 et
377 3511 430 3572 ille
450 3512 668 3596 Aristophanis
691 3511 723 3571 in
744 3511 828 3572 Pace
853 3530 922 3586 217.
1002 3565 1005 3570 ,

400 3611 529 3702 'Els'yst'
552 3610 591 3681 siv
612 3613 700 3699 ὑμεῖς
723 3610 826 3690 εὐθύς·
848 3613 1079 3696 ἐξαπατώμεθα.

324 3724 364 3784 ci.
387 3725 462 3786 ibid.
486 3729 556 3789 213.

404 3833 522 3892 Totum
545 3831 665 3893 Cratini
693 3832 903 3914 fragmentum
932 3831 1077 3915 pulcram
1105 3830 1243 3893 eontinet
1266 3832 1340 3894 imn-

252 3927 256 3934 ’
324 3938 429 4020 ginem
457 3937 647 4000 admirabilis
678 3938 710 3998 in
741 3938 921 4020 eloquentia
942 3939 1094 4000 ubertatis
1111 3930 1150 3998 'et
1171 3937 1338 4020 locupletis-

324 4043 420 4108 simas
453 4043 580 4110 dicendi
610 4045 733 4130 copiae,
767 4066 861 4129 quam
891 4045 1036 4111 Cratinus
1068 4045 1146 4129 ipse,
1176 4044 1227 4126 qui
1251 4041 1335 4109 huius
