2846 4788
686 343 734 359 ..
783 261 925 382 84⁶4.

295 514 389 568 nocte
420 502 600 586 nuptiarum
627 499 748 584 pariter
778 499 942 564 exstinctos
972 515 1037 558 esse
1057 491 1196 554 thalamo
1218 490 1328 551 collu-

293 613 389 674 hente
406 608 500 670 docet
517 606 709 690 epigramma
720 605 759 666 ab
774 603 1001 688 interpretibus
1019 601 1126 664 Ovidii
1139 598 1325 662 laudatum:

312 759 322 766 -
373 711 433 792 At,
453 711 498 790 αἴ,
518 712 611 774 τοῦτο
634 706 789 788 κάκιστον,
811 702 887 772 ὅταν
907 697 1047 772 ulainai
1062 702 1199 769 θάνοντα

412 816 571 904 Νύμφιον,
594 809 615 900 ἢ
635 813 768 901 νύμφην·
789 811 880 898 ἡνίκα
901 815 929 878 δ’
950 808 1146 898 ἀμφοτέρους
1165 849 1206 864 -·

311 977 312 982 1
375 917 515 990 Εὔπολιν
537 919 579 998 ὡς
600 917 720 1008 ἀγαθὴν
740 946 773 986 τε
789 911 980 1004 'stentque
1003 909 1048 980 ὧν
1068 914 1216 999 ὖμεναῖον

415 1023 562 1113 Ἔσβεσεν
583 1029 617 1092 ἕν
637 1024 743 1112 πρώτῃ
763 1026 852 1091 νυκτὶ
870 1026 972 1090 πισῶν
988 1020 1181 1105 θάλαμος-

373 1133 419 1206 Οὖ
440 1137 544 1212 καλῶς
562 1131 632 1199 τόδε
652 1136 746 1216 κῆδος
766 1128 947 1218 latrinam,
969 1125 1012 1204 ὣς
1033 1134 1073 1194 σύ
1095 1129 1154 1211 μὲν
1174 1125 1255 1207 nitor,

412 1242 519 1321 Νικία,
541 1244 581 1306 σύ
603 1243 633 1304 d’
654 1237 817 1318 ἔκλαυσας,
841 1231 961 1318 Εὕδικε,
982 1234 1150 1322 θνγατέρα.

293 1353 339 1412 ct.
364 1350 490 1411 Anthol.
514 1351 570 1408 Gr.
591 1347 692 1416 Pelet.
713 1347 762 1410 ed.
786 1347 895 1409 Iaoohs
917 1347 955 1406 Τ.
979 1347 1001 1408 1.
1025 1368 1056 1429 Ρ.
1075 1350 1144 1428 393.
1161 1353 1193 1405 et
1206 1340 1319 1404 lacob-

291 1459 372 1518 sium
402 1456 443 1516 ed
472 1457 562 1518 Tom.
593 1455 644 1515 111.
671 1478 703 1539 Ρ.
734 1459 803 1537 289.
832 1453 968 1515 Brunok.
992 1452 1032 1514 ad
1052 1455 1142 1514 Tom.
1165 1449 1218 1511 IV.
1239 1448 1313 1507 liro.

291 1568 361 1644 674.
413 1561 508 1622 Errat
531 1581 656 1644 quoque
676 1563 715 1622 D.
738 1562 797 1622 Ios.
818 1561 987 1624 Berberius
1010 1563 1070 1638 (De
1092 1557 1218 1619 miseria
1234 1575 1315 1638 poe-

290 1679 350 1730 tar.
373 1669 404 1729 in
421 1671 464 1728 10.
481 1668 634 1730 Gronovii
647 1667 740 1729 Thes.
755 1668 920 1752 Antiquitt.
940 1669 1052 1728 Graec.
1067 1667 1111 1726 Te
1123 1665 1164 1728 X.
1177 1687 1209 1748 Ρ.
1222 1665 1314 1738 tte),

291 1776 345 1858 qui
367 1775 458 1835 huins
480 1775 590 1836 mortis
611 1775 758 1834 miseram
780 1773 996 1837 conditionem
1017 1773 1050 1832 in
1072 1781 1216 1832 nostrum
1234 1789 1314 1852 poe-

290 1857 354 1943 tam
374 1881 523 1940 transfert
544 1889 576 1941 et
597 1889 769 1962 propterea
789 1865 1000 1940 huno'lusurn
1022 1878 1171 1962 apponit:

370 1985 456 2049 Vere
488 1984 563 2047 huie
592 1983 689 2049 Uscor
711 1988 810 2064 (uxor)
834 1983 921 2048 adest
943 2005 1045 2046 orcus.
1067 1983 1174 2050 Brevis
1196 2003 1230 2043 ex
1249 1980 1315 2064 Hy-

932 2113 1064 2152 menneo

407 2193 463 2257 Est
484 2195 597 2280 gradus
620 2194 660 2256 ad
683 2197 851 2276 tumulum,
871 2195 925 2257 hio
949 2196 1056 2258 dicere
1075 2196 1145 2257 iure
1160 2204 1272 2279 potest.

366 2302 483 2364 Dicens
519 2303 605 2364 nasei
632 2302 748 2365 iterum
779 2325 861 2365 nova
883 2324 960 2386 quos
983 2303 1143 2365 connubia
1164 2303 1311 2386 iungunt3

407 2407 534 2470 Falsum
555 2419 616 2480 θεὴ
640 2407 747 2494 dicere
769 2433 842 2472 nam
866 2409 975 2473 debuit
995 2409 1091 2474 hosce
1114 2408 1228 2490 moriq‘¹

172 2476 177 2495 '
287 2524 320 2576 u
339 2511 435 2573 inum

288 2632 291 2636 ’
369 2618 517 2701 Quisquis
542 2619 574 2678 in
597 2641 727 2705 uxorem
748 2619 875 2698 oceidit,
899 2619 1062 2683 descendit
1082 2620 1114 2681 in
1137 2621 1271 2688 Orcumz

408 2723 480 2786 Rite
503 2725 626 2786 inverse
648 2737 762 2787 sonant
781 2726 887 2788 Uscor
908 2737 941 2790 et
961 2749 1053 2790 orcus
1075 2727 1167 2790 idem.

285 2833 416 2918 Eupolis
440 2831 612 2909 recentior,
637 2831 775 2892 comicus
807 2842 903 2916 poeta
923 2855 988 2894 non
1009 2834 1180 2896 admodum
1200 2835 1311 2911 clarus,

285 2950 321 3024 ut
341 2939 478 3017 videtur,
502 2962 519 3000 a
539 2937 670 2999 Polluce
691 2949 960 3028 commemoratur
982 2940 1062 3018 (Vll.
1087 2943 1167 3018 168.)
1182 2940 1229 3000 his
1242 2959 1312 3001 ver·

283 3047 353 3120 bis:⁴
378 3048 450 3108 Ταῖν
470 3044 505 3108 δὲ
529 3041 576 3114 ἔτι
596 3044 751 3128 νεωτέρων
770 3045 818 3120 τῖς
843 3037 993 3121 Εὔπολις.

364 3152 494 3234 Eupolis
510 3152 613 3232 falens
636 3151 821 3230 interillos,
843 3154 899 3236 qui
921 3153 953 3214 in
976 3151 1057 3214 ludis
1080 3143 1252 3238 olympicis
1266 3152 1313 3214 vi-

284 3267 408 3335 cerunt,
431 3257 580 3324 laudetur
602 3258 688 3348 apud
707 3259 880 3326 Eusebium
900 3260 934 3326 in
955 3259 1114 3327 Chronico
1135 3258 1185 3325 ed.
1200 3259 1312 3346 Scalig.

283 3387 315 3451 Ρ.
338 3367 409 3446 345.

663 3519 951 3536 *au-m

281 3655 435 3762 Eupolis,
464 3681 646 3764 Sosipolidis
675 3684 767 3763 filius,
795 3657 891 3770 poeta
920 3686 1069 3780 oomicns,
1095 3706 1192 3746 annos
1223 3695 1313 3746 natus

281 3791 497 3875 septendecim
526 3795 644 3857 iactare
668 3817 701 3858 se
724 3808 755 3858 et
776 3808 935 3861 ostentare
957 3800 989 3859 in
1011 3821 1106 3860 scene
1127 3799 1243 3881 coepit,
1267 3802 1314 3859 fa-

264 3900 435 3984 'hulasque
470 3901 579 3962 docuit
607 3902 823 3980 septendecim
855 3904 960 3982 (Suid.
994 3896 1142 3978 Εὔπολίς.
1168 3905 1314 3987 Ειιιάοοίᾶ

279 4007 311 4068 ln
332 4007 513 4071 Villoiaonia
535 4007 654 4074 dnecd·
678 4009 733 4071 Gr.
755 4033 787 4094 Ρ.
813 4013 905 4092 top).
948 4010 1063 4075 Suidoe
1085 4011 1172 4072 locus
1199 4011 1315 4074 multet
