2846 4788
474 344 717 420 ...49-

166 529 295 618 Πόρνηκ
316 531 349 596 δὲ
370 517 527 612 Schedius
545 529 642 608 ἰόντες
663 529 831 616 Μεγάραδε

164 639 280 704 νεανίαι
300 639 467 704 κλέπτουσι
485 636 763 721 μεθυσοκότταβοι.

163 737 253 834 Ilei&
274 744 304 810 oi
327 749 484 830 Μεγαρεῖς
505 741 630 820 όόόναις
649 743 908 831 πεφυσιγγωνὲνσι

164 846 385 931 ἀντεξέκλεψαν
401 846 578 927 Ἀσπασίας
598 849 700 936 πόρνα
720 851 787 916 eto·

165 951 330 1043 κᾷνεεόθεν
350 954 430 1042 cippi]
451 962 510 1024 τοῦ
530 959 670 1042 πολέμου
691 954 863 1045 κατερράγη
881 989 882 994 ’

167 1055 299 1147 Ἕλλησι
318 1062 414 1130 πόσιν
434 1068 468 1131 ἐκ
488 1067 583 1153 τριῶν
604 1067 822 1153 λαικαστριῶν.
897 1081 902 1092 “

84 1169 134 1232 Cf.
154 1169 267 1232 Athen.
290 1174 374 1236 XIII.
397 1197 428 1258 p.
451 1178 521 1258 570.
541 1177 578 1241 A.
626 1177 706 1237 Rem
728 1174 861 1239 eandem
885 1174 1114 1256 confirmarunt

83 1275 182 1336 Duris
203 1278 324 1339 Samius
347 1289 379 1342 et
404 1281 640 1366 Theophrastus
667 1285 699 1345 in
722 1284 805 1345 libro
827 1291 940 1366 quarto
961 1281 1115 1342 Politieo-

82 1405 157 1443 rum
179 1385 237 1462 (ef.
253 1387 539 1471 Harpocrationem
554 1414 584 1453 v.
600 1384 782 1469 Ἀσπασία),
806 1392 918 1476 quibus
930 1411 1006 1452 vero
1022 1411 1116 1472 argu-

83 1492 199 1552 mentis
229 1493 262 1554 hi
294 1497 341 1557 usi
371 1499 443 1576 sint,
472 1498 643 1570 nescimus;
671 1498 745 1560 nam
781 1497 995 1581 Aristophani,
1026 1495 1114 1557 cuius

82 1607 207 1660 tantum
230 1601 269 1664 de
289 1602 349 1664 hac
369 1627 404 1666 re
426 1605 584 1688 integrum
604 1603 712 1666 locum
734 1626 770 1665 ex
798 1604 1026 1688 antiquioribus
1049 1624 1116 1662 ser-

82 1714 192 1768 vatum
226 1707 390 1786 habemus,
421 1721 544 1772 remoto
567 1709 733 1773 cavillandi
754 1709 868 1788 studio,
895 1731 959 1770 non
985 1708 1117 1768 multam

84 1812 182 1874 fidem
202 1815 406 1877 tribuendam
428 1839 504 1896 csse,
526 1818 727 1880 manifestum
750 1826 805 1878 est.
846 1814 1117 1899 Aspasiam-iniu-

82 1919 166 1980 riam
188 1921 247 1981 sihi
269 1922 388 1982 illatam
410 1923 598 2006 impunitam
619 1933 705 1985 certe
720 1947 784 1984 non
801 1923 924 1985 sinebat
940 1931 1034 2006 atque
1046 1942 1118 2012 crem¹

86 2023 186 2086 dibile
205 2035 261 2102 est,
284 2026 448 2087 decretum
471 2029 599 2111 aliquod
621 2031 858 2092 Atheniensium
877 2040 988 2090 contra
1009 2031 1118 2111 Mega-

84 2151 194 2190 renses
214 2130 315 2190 minus
338 2140 462 2213 gratum
483 2133 557 2192 inde
581 2143 687 2194 ortum
712 2155 794 2203 esse;
816 2136 918 2218 poetis
935 2155 1024 2210 vere,
1045 2156 1119 2193 eum

85 2236 170 2296 cives
193 2236 321 2296 omnino
344 2235 511 2300 demovere
534 2237 651 2300 vellent
671 2262 690 2300 a
708 2239 800 2300 bellis
824 2238 1028 2321 suscipiendis
1049 2261 1120 2300 om-

85 2363 208 2424 nesque
240 2365 289 2406 res
321 2345 455 2406 leviores
490 2355 667 2430 captarent,
699 2355 735 2407 ut
758 2367 793 2408 ex
813 2346 850 2406 iis
873 2345 1041 2407 haurirent
1062 2346 1120 2406 ali-

86 2450 176 2534 quid,
198 2452 285 2536 quod
297 2451 484 2515 cohaereret
506 2453 739 2538 quodammodo
763 2476 836 2514 eum
856 2452 943 2514 istius
963 2453 1040 2514 belli
1060 2453 1124 2513 ini-

84 2558 149 2634 tiis,
171 2561 436 2642 exoptatissimum
459 2572 528 2622 orat
550 2571 582 2622 et
602 2562 733 2628 maxime
754 2560 906 2622 idoneum
919 2582 1027 2622 causas
1043 2582 1122 2644 pro-

85 2667 259 2730 ferretum
281 2668 384 2730 futiles
407 2678 439 2729 et
461 2668 569 2730 inanes
593 2679 687 2754 atque
709 2669 769 2731 hac
786 2670 869 2731 sama
886 2669 974 2731 velut
988 2669 1123 2731 materia

86 2773 135 2833 uti
156 2798 247 2856 posse
270 2775 302 2836 in
322 2773 502 2837 fabularum
524 2777 711 2837 oeconomia
733 2775 961 2872 adumbrapda.
1010 2777 1122 2858 Eupo·

86 2880 125 2939 lis
155 2881 294 2943 Helenae
332 2904 449 2943 nomen
478 2883 619 2944 tribuens
650 2883 797 2965 Aspasiae
827 2881 914 2942 haud
944 2880 1040 2942 dubie
1069 2903 1123 2941 re-

88 2987 188 3070 spexit
209 2986 290 3048 hanc
313 2987 539 3066 narrationem,
565 2987 738 3050 seeundum
758 3011 852 3072 quam
862 2986 995 3048 Periclis
1010 2986 1123 3065 amica,

89 3093 173 3152 sicut
194 3093 246 3152 illa
267 3095 401 3174 Paridis,
424 3095 562 3157 Menelai
574 3117 663 3172 uxor,
677 3095 753 3156 belli
773 3093 974 3154 funestissimi
997 3116 1124 3158 causam

88 3199 260 3284 praebuit;
292 3203 367 3262 alius
399 3203 538 3264 comicus
569 3202 666 3281 (haud
693 3202 787 3263 dubie
820 3202 965 3262 Cratinus
988 3201 1021 3262 in
1044 3201 1124 3262 Om-

89 3306 209 3391 phale),
242 3329 355 3368 novam
389 3310 579 3394 Omphalem
608 3333 677 3380 eam
707 3305 896 3390 appellabat,
923 3305 1125 3368 inflexibilem

88 3403 221 3478 Periclis
247 3416 385 3476 animum
407 3439 592 3501 comparans
616 3439 689 3478 cum
710 3415 831 3493 Alcide,
855 3415 908 3498 qui
931 3417 963 3474 in
979 3413 1124 3473 omnibus

91 3521 316 3586 certaminibus
343 3522 573 3605 insuperabilis,
603 3524 685 3600 telis,
716 3543 797 3605 quae
818 3522 916 3580 Amor
938 3520 969 3578 in
991 3529 1125 3602 pectora

91 3633 158 3693 eius
181 3628 390 3706 iaculabotur,
414 3631 541 3691 omuino
562 3631 662 3690 victus
686 3650 723 3690 eo
747 3627 904 3712 pervenit,
928 3635 964 3688 ut
983 3650 1044 3710 per
1066 3627 1127 3688 ali-

93 3737 180 3822 quod
214 3747 336 3820 tempus
364 3758 488 3825 servum
517 3747 626 3822 ageret
656 3736 741 3821 apud
772 3733 963 3819 Omphalen,
987 3735 1127 3811 Iardani,

91 3845 211 3927 Lydiae
248 3845 328 3928 regis
363 3843 470 3922 filiam,
513 3855 606 3928 atque
638 3843 724 3905 luteo
759 3865 865 3921 socon,
897 3843 1127 3919 calceamento,

92 3951 180 4012 errius
212 3975 296 4030 usus,
327 3975 399 4014 cum
434 3952 518 4035 apud
545 3953 628 4012 viros
648 3951 836 4034 plerumque
865 3949 905 4011 ad
930 3959 1128 4011 venustatem

92 4069 125 4124 et
154 4062 320 4126 andsitiosc
341 4059 515 4146 quaesitam
537 4058 724 4145 elegantiam
744 4066 913 4146 spectaret,
941 4057 1127 4120 mulieribus
