2846 4788
461 357 701 428 ...61-

64 548 171 624 patum
207 541 393 626 popularem
430 543 573 602 continet
604 546 636 602 at
665 539 895 622 quotidianum,
932 541 1089 625 integrum

63 670 139 710 vern
161 661 193 712 et
214 670 329 732 purum
347 646 513 706 hominum
533 657 729 716 sermonem
751 654 861 706 contra
878 645 909 704 in
926 647 1090 729 tragoedia

63 758 163 838 gravis
194 767 226 817 ct
254 757 419 840 magnifica
445 738 542 817 dictio
569 757 739 816 adhibetur
767 755 887 816 tumida
911 765 942 816 et
963 758 1092 838 grandi-

62 861 157 946 loqua
179 860 336 946 (τραγικός
358 862 453 946 λῆρος
473 861 631 944 Aristoph.
654 865 731 922 Itan.
757 868 868 944 1037..)·
919 860 1091 926 Huius-rei

62 969 203 1052 exempla
232 969 400 1030 sexcenties
428 969 576 1052 leguntur
596 969 679 1052 apud
703 969 945 1052 Aristophanem
966 968 1092 1050 praeci*

60 1099 124 1158 pue
154 1077 186 1134 in
216 1076 310 1136 Runis
340 1087 372 1137 et
399 1077 523 1138 Avibus.
574 1079 692 1136 Drama
720 1077 892 1160 satyricum
912 1075 1092 1134 fabularum

61 1191 249 1263 argumenta
278 1182 385 1242 haurit
412 1183 502 1242 sicuti
534 1184 697 1266 tragoedia
719 1206 736 1242 e
757 1183 949 1265 mythologie
972 1193 1004 1242 et
1023 1191 1092 1240 tra-

60 1289 150 1370 gicae
172 1289 274 1369 poesis
296 1311 474 1350 sennonem
496 1291 539 1350 ita
559 1300 673 1366 servat,
696 1302 732 1352 ut
752 1313 846 1373 saepe
871 1289 1093 1351 difficillimum

58 1397 99 1456 sit
122 1395 295 1456 diiudicare
321 1397 457 1478 singulos
479 1398 729 1478 fragmentorum
750 1417 867 1472 versus,
889 1406 997 1493 utrum
1015 1417 1091 1478 per-

58 1502 182 1562 tincant
203 1501 243 1560 ad
267 1503 462 1583 tragoediam
484 1525 524 1560 nn
547 1501 586 1562 ud
602 1503 711 1562 drama
732 1504 911 1585 satyricum.
953 1500 1091 1569 ParodIa

57 1629 136 1668 vero
158 1607 190 1666 iu
214 1629 252 1668 eo
274 1609 404 1692 maxime
426 1607 579 1684 consistit,
601 1607 688 1690 quod
710 1607 805 1690 satyri
827 1607 983 1690 protervi,
1003 1608 1091 1666 Iero-

59 1731 123 1787 ces,
145 1712 358 1776 deformaret
379 1735 531 1798 procaces
553 1709 744 1797 (brimerci),
760 1711 943 1794 tragoediae
966 1710 1091 1772 alicnis«

57 1819 139 1896 simi,
154 1819 287 1880 chorum
301 1831 426 1902 agentes
448 1821 684 1904 inducebantur
701 1819 927 1900 veteribusque
946 1817 996 1876 vel
1011 1815 1089 1876 deo-

58 1925 203 1986 rum-rel
224 1925 359 1984 heroum
378 1925 491 1984 fabulis
514 1926 614 1984 multa
637 1926 771 1988 ridicula
795 1925 983 1999 immiscere,
1007 1922 1092 1983 seria

54 2029 187 2090 ludicris
212 2030 405 2111 coniungere
427 2029 610 2099 studebant3
636 2040 729 2112 atque
750 2041 864 2114 poetae
877 2030 939 2090 boc
958 2029 1091 2090 maxime

56 2134 255 2217 spectabant,
283 2141 319 2192 ut
344 2131 497 2214 tragicam
524 2133 747 2192 sublimitatem
778 2155 842 2194 non
866 2135 967 2194 solnm
987 2134 1019 2193 in
1043 2133 1092 2192 di-

56 2241 166 2302 ctione
181 2247 352 2315 servarent,
372 2238 447 2321 quin
468 2237 576 2297 in-iIIa
595 2237 737 2320 augenda
758 2247 790 2298 et
804 2237 981 2320 superanda
1001 2236 1091 2324 ideo-

56 2369 122 2432 que
144 2345 278 2406 ridicula
301 2343 463 2405 reddenda
485 2353 655 2406 certarent.
672 2343 726 2406 uf.
746 2344 960 2406 Nackium'ad
982 2343 1088 2405 Choe-

56 2455 157 2515 rilum
186 2475 217 2536 p.
245 2455 311 2535 189.
362 2449 477 2511 Similis
507 2451 683 2535 argumenti
705 2451 833 2524 videtur
853 2451 947 2512 fuisse
967 2451 1086 2512 Busiris

56 2560 192 2638 Cratini,
227 2559 259 2619 in
290 2536 489 2642 qualf'abnla
517 2557 603 2618 baud
632 2558 726 2620 dubie
755 2559 925 2620 Herculem
945 2558 1091 2620 tuburci-

55 2677 187 2728 nantem
218 2666 366 2750 depinxit,
400 2665 453 2749 qui
482 2645 559 2750 prae
580 2665 714 2726 vorandi
738 2665 911 2748 cupiditate
934 2667 1088 2741 saucibus,

53 2774 234 2849 maximilla,
254 2772 400 2834 dentibus
417 2771 566 2838 omnibus,
585 2783 617 2834 ct
639 2793 715 2833 naso
739 2795 866 2856 quoque
886 2793 997 2832 sonum
1012 2771 1089 2830 edit.

53 2881 91 2940 Iu
121 2878 261 2962 satyricis
288 2859 437 2940 dramatis
467 2878 584 2938 multae
606 2878 698 2938 huius
719 2879 804 2940 tituli
827 2879 952 2938 fabulae
974 2897 1089 2940 recen-

53 2994 184 3053 sentur;
208 2984 291 3045 inter
309 2984 447 3046 comicos
469 2994 578 3067 poetas
599 2995 728 3067 praeter
741 2985 905 3044 Cratinum
922 2983 1091 3064 scripserat

49 3089 181 3156 Busirin
200 3091 392 3173 Antiphanes
415 3090 505 3170 (Poll.
529 3092 569 3150 X.
592 3097 665 3168 65),
684 3091 893 3174 Epicharmus
922 3087 1013 3166 (Poll.
1032 3065 1097 3146 tx?

49 3201 118 3281 45.)
142 3195 203 3256 alii.
246 3195 390 3257 Cratinus
413 3197 604 3280 singularem
625 3196 822 3260 comoediam
844 3193 1004 3277 inscripsit
1025 3188 1088 3253 Σά-

50 3325 155 3388 τυροι,
180 3323 314 3384 eamque
337 3303 447 3365 docuit
465 3303 627 3366 Archonte
640 3301 799 3364 Stratoele
816 3301 868 3362 01.
883 3299 1087 3362 LXXXVIII.

50 3432 82 3494 4.
114 3411 148 3471 in
172 3399 393 3486 ‘Lenaeistct
425 3433 544 3494 argum.
576 3409 615 3470 ad
635 3406 793 3491 Aristopb.
815 3405 977 3489 Equites);
1001 3401 1089 3485 quod

50 3531 162 3580 tamen
188 3525 411 3598 argumentum
428 3516 588 3600 quamodo
611 3537 667 3576 suo
690 3513 821 3597 oonsilio
844 3508 1013 3594 aalaptarit,
1039 3506 1089 3566 di-

51 3625 197 3690 iudiearc
227 3622 355 3682 omniuo
387 3643 452 3682 non
473 3643 647 3708 possamus,
670 3641 742 3681 curn
764 3619 843 3680 nibil
861 3626 990 3702 praeter
1010 3615 1088 3674 titu-

51 3733 122 3792 lnm
151 3730 191 3791 ad
220 3739 327 3790 nostra
356 3749 454 3812 usque
481 3739 627 3812 tempora
653 3726 849 3820 pervenerit.
899 3720 1090 3784 Accuratius

48 3837 228 3922 poterimus
249 3835 409 3917 disputare
431 3833 471 3895 de
493 3834 614 3896 Cratini
636 3833 799 3917 Ulyssibus
823 3841 855 3893 et
875 3827 1038 3912 Seripbiis.
1073 3879 1075 3890 .

136 3923 307 4006 Perierunt
324 3937 480 4015 Ὀδυσσιῖς
501 3939 701 4023 Theopompi
722 3937 841 4016 (Sahal.
864 3935 904 3996 ad
929 3929 1087 4015 Aristoph.

48 4051 150 4134 vesp.
174 4057 261 4136 ¹³³7·
284 4049 398 4114 Athen.
419 4047 471 4113 IV·
497 4053 564 4112 165·
587 4047 622 4108 B.
644 4045 724 4108 Poll.
743 4044 812 4108 VII.
830 4061 906 4127 74),
919 4034 1090 4204 ἓδυσσεῦς
