2814 4784
461 363 701 430 ...pp-

73 543 157 610 «loeti
181 549 263 608 enlm
284 555 451 628 tantopere
471 565 614 626 pressere
637 540 850 622 Aristophanis
872 541 969 604 rerba
985 539 1023 600 de
1037 539 1099 600 hoc

73 655 196 716 vivendi
219 673 307 714 more
333 651 464 726 Cratini,
487 659 522 708 ut
547 650 579 708 in
603 670 641 708 eo
665 647 825 706 ebriosum
842 647 1102 709 ac'temulentnm

72 759 254 821 helluonem
280 781 345 818 non
374 765 502 838 poetam
531 754 882 835 admoduminsignem
913 755 1099 818 invenirent.
1151 737 1159 746 ’

74 872 121 930 Cf.
154 869 266 928 Liban.
294 861 423 944 sophist.
456 861 545 943 epist.
579 864 666 924 1510.
703 859 764 936 ed„
783 859 882 920 Wolf.
934 860 1009 920 Fuit
1029 883 1102 922 sane
1135 889 1137 893 ’

74 975 220 1036 Cratinus
239 992 367 1052 magnus
386 969 450 1029 vini
471 978 592 1028 amator
616 978 768 1050 atqucex
788 966 894 1026 fabula
918 965 995 1040 eius,
1018 988 1099 1048 quae

75 1078 198 1156 Πυτίνη
219 1075 460 1151 inscribebatur,
483 1075 577 1135 etiarn
599 1075 623 1134 si
642 1073 789 1156 reliquias
807 1073 999 1148 consideras,
1016 1073 1101 1133 clare

75 1184 109 1242 id
129 1181 259 1263 intelligi
281 1183 363 1242 licet.
383 1195 385 1198 '
404 1181 626 1264 Aristophanes
650 1181 681 1240 in
702 1179 869 1262 Equitibns
892 1184 972 1255 533,
1006 1199 1103 1260 quum

78 1289 172 1349 dicit:

160 1494 213 1565 Ὃν
236 1499 318 1584 χρῆν
348 1501 399 1562 διὰ
425 1501 481 1572 τὰς
509 1495 663 1582 προτέρας
683 1497 769 1572 νίκας
789 1493 887 1562 πίνειν
908 1499 943 1561 ,ἐν
963 1499 1006 1585 τῷ
1028 1521 1106 1582 πρυ-

722 1602 843 1690 τανείιρ,

77 1821 240 1882 CratInum
272 1819 442 1884 admodum
472 1821 603 1882 laudans
630 1829 720 1882 verat
741 1828 874 1903 propter
895 1817 960 1878 eius
983 1813 1106 1876 bibaci-

75 1937 190 2000 tatem;
212 1939 288 1990 nota
308 1939 355 1991 est
374 1930 459 1992 enim
480 1923 500 2008 ἢ
522 1926 654 2010 σίτησις,
672 1932 707 1989 τι)
733 1929 897 2001 cassio-ins,
918 1924 953 1988 τὸ
977 1924 1107 1986 δειπνεῖν

76 2033 109 2094 ἐν
129 2033 173 2118 τῷ
194 2033 366 2116 πρυτανείῳ
389 2034 563 2114 (Aristoph.
586 2037 664 2094 Ran.
690 2039 758 2114 776.
779 2035 838 2115 Eq.
861 2038 931 2096 280.
958 2041 990 2093 et
1011 2035 1104 2113 571.),

78 2137 200 2197 Cratini
238 2157 315 2196 vero
353 2158 509 2195 summurn
540 2139 717 2217 praemium
745 2139 778 2196 in
810 2139 884 2199 vino
921 2135 1107 2216 accipiendo

78 2241 251 2301 consistere
282 2262 373 2323 posse
401 2239 592 2323 lepidissime
613 2248 751 2319 annotat
768 2239 1008 2321 Aristophanes;
1032 2259 1107 2300 nana

78 2347 186 2407 vinum
213 2346 303 2430 parvi
323 2346 417 2430 pretii
440 2355 509 2408 erat
529 2345 666 2408 Athenis.
692 2345 739 2405 Cf.
761 2345 898 2407 Boeckh.
924 2345 957 2404 in
979 2345 1105 2428 egregio

77 2453 176 2514 libro:
206 2453 519 2535 Staatshaushaltang
541 2452 606 2530 ⁴der
632 2450 773 2512 Athener
801 2453 837 2512 T.
870 2453 893 2511 Ι.
922 2470 956 2534 p.
984 2454 1034 2529 65,
1058 2457 1109 2528 66,

79 2583 149 2644 ¹07·
199 2561 291 2622 Multi
320 2571 434 2644 poetae
466 2569 595 2620 cantant
625 2558 760 2619 devino
784 2569 815 2619 et
836 2557 954 2620 Bacchi
976 2580 1112 2620 munera

80 2667 254 2745 celebrant,
277 2667 416 2750 quamvis
438 2688 554 2750 aquam
572 2666 683 2729 bibere
699 2666 820 2736 coacti3
845 2667 991 2726 Cratinus
1007 2675 1113 2726 autem

79 2772 195 2834 Bacchi
223 2773 311 2834 donis
342 2773 467 2850 fruitus,
507 2794 619 2832 eorum
649 2772 807 2855 egregiam
840 2772 904 2832 vim
935 2773 966 2831 in
1001 2773 1114 2854 poesin

82 2881 251 2957 transtulit,
283 2902 355 2941 cum
386 2879 445 2963 ipsi
465 2878 735 2960 persuasissimum
757 2887 848 2953 esset,
870 2887 1023 2958 percepto
1046 2877 1113 2936 sini

81 2988 189 3067 vigore
211 2989 318 3071 vigere
351 2998 383 3050 et
404 2985 585 3048 confirmari
607 2986 709 3068 ipsum
731 2985 881 3058 animum,
912 2983 1041 3065 integris
1062 2983 1111 3042 vi-

84 3092 169 3152 ribus
198 3094 310 3154 instrui
341 3105 435 3178 atque
459 3093 500 3154 ad
521 3093 625 3154 divina
646 3092 763 3176 ingenii
785 3112 883 3172 opera
904 3089 1114 3173 producenda

85 3199 240 3258 excultum
269 3200 318 3268 iri.
378 3201 445 3262 Hac
474 3199 628 3260 sententia
662 3198 774 3269 nititur
810 3195 889 3256 illud
922 3197 1114 3281 epigramma

85 3304 174 3366 valde
198 3306 372 3388 speciosum
394 3307 509 3368 incerti
534 3306 685 3378 auctoris3
709 3304 892 3364 nominatur
913 3305 997 3365 enim
1015 3302 1111 3364 modo

85 3413 258 3490 Niceratus,
280 3415 374 3474 modo
395 3415 597 3490 Theaetetus,
615 3410 711 3472 modo
729 3409 927 3492 Asclepiades
948 3409 1009 3468 alii.
1034 3407 1132 3497 Vide,

86 3519 235 3582 Brunckii
257 3519 383 3582 Anthol.
405 3523 442 3582 T.
466 3521 488 3580 Ι.
511 3542 544 3604 p.
564 3523 633 3601 417ss
654 3526 687 3578 et
704 3515 817 3577 Athen.
842 3517 880 3576 ll.
901 3539 933 3598 p.
956 3521 1005 3597 39.
1030 3515 1065 3575 C.

131 3791 134 3796 .
168 3725 260 3807 Οίνυς
285 3755 334 3794 τοι
351 3729 488 3814 χαρίεντι
510 3729 594 3794 πέλει
615 3732 711 3811 τοιχύς
734 3727 827 3803 ίιτιτος
847 3721 953 3814 ἀοιδῷ,

208 3835 316 3920 Ὕδωρ
339 3836 373 3899 δὲ
394 3831 490 3900 πίνων
508 3843 647 3920 χρηστὸν
668 3831 759 3899 οὐδὲν
780 3828 818 3898 ἂν
843 3832 955 3908 τέκοις.

174 3947 267 4008 Ταῦτ’
293 3941 402 4027 ἔλεγεν,
425 3941 567 4020 Διόνυσε,
589 3942 642 4006 καί
660 3939 763 4006 ἔπνεεν
781 3935 844 4038 prix
864 3936 934 4015 ἑνὸς
955 3935 1064 4015 ἀσκοῦ,

207 4049 372 4133 Κρατῖνος,
395 4043 474 4113 ἀλλὰ
497 4051 611 4122 παντὸς
635 4041 768 4120 &tator
789 4043 897 4110 πίθου.
927 4081 930 4097 ·

945 4145 966 4212 3
