<?xml version="1.0" encoding="UTF-8"?>
<!DOCTYPE html PUBLIC "-//W3C//DTD XHTML 1.0 Transitional//EN"
    "http://www.w3.org/TR/xhtml1/DTD/xhtml1-transitional.dtd">
<html xmlns="http://www.w3.org/1999/xhtml" xml:lang="en" lang="en">
 <head>
  <title>
</title>
<meta http-equiv="Content-Type" content="text/html;charset=utf-8" />
  <meta name='ocr-system' content='tesseract 3.04.00' />
  <meta name='ocr-capabilities' content='ocr_page ocr_carea ocr_par ocr_line ocrx_word'/>
</head>
<body>
  <div class='ocr_page' id='page_1' title='image "./cratinuseteupol00lucagoog_0027.png"; bbox 0 0 2814 4784; ppageno 0'>
   <div class='ocr_carea' id='block_1_1' title="bbox 720 343 962 412">
    <p class='ocr_par' dir='ltr' id='par_1_1' title="bbox 720 343 962 412">
     <span class='ocr_line' id='line_1_1' title="bbox 720 343 962 412; baseline -0.021 -23"><span class='ocrx_word' id='word_1_1' title='bbox 720 343 962 412; x_wconf 72' lang='lat'>&#39;‘⁸16&#39;-</span> 
     </span>
    </p>
   </div>
   <div class='ocr_carea' id='block_1_2' title="bbox 259 523 1394 4119">
    <p class='ocr_par' dir='ltr' id='par_1_2' title="bbox 259 523 1394 4119">
     <span class='ocr_line' id='line_1_2' title="bbox 330 523 1355 610; baseline -0.004 -20"><span class='ocrx_word' id='word_1_2' title='bbox 330 526 361 590; x_wconf 87' lang='grc' dir='ltr'><em>Γ</em></span> <span class='ocrx_word' id='word_1_3' title='bbox 360 525 464 610; x_wconf 62' lang='lat' dir='ltr'>appui),</span> <span class='ocrx_word' id='word_1_4' title='bbox 487 527 573 608; x_wconf 85' lang='lat' dir='ltr'>quasi</span> <span class='ocrx_word' id='word_1_5' title='bbox 597 523 680 586; x_wconf 90' lang='lat' dir='ltr'>dicas</span> <span class='ocrx_word' id='word_1_6' title='bbox 704 529 771 586; x_wconf 83' lang='lat' dir='ltr'>Dea</span> <span class='ocrx_word' id='word_1_7' title='bbox 792 529 988 600; x_wconf 81' lang='lat' dir='ltr'>Munerciria,</span> <span class='ocrx_word' id='word_1_8' title='bbox 1018 549 1110 610; x_wconf 72' lang='lat' dir='ltr'>(paam</span> <span class='ocrx_word' id='word_1_9' title='bbox 1133 527 1237 586; x_wconf 82' lang='lat' dir='ltr'>rmdtis</span> <span class='ocrx_word' id='word_1_10' title='bbox 1256 524 1355 587; x_wconf 76' lang='lat' dir='ltr'>tatuti-</span> 
     </span>
     <span class='ocr_line' id='line_1_3' title="bbox 310 631 1351 716; baseline 0 -22"><span class='ocrx_word' id='word_1_11' title='bbox 310 635 385 694; x_wconf 64' lang='lat' dir='ltr'>‘bus</span> <span class='ocrx_word' id='word_1_12' title='bbox 420 633 525 694; x_wconf 83' lang='lat' dir='ltr'>affecit</span> <span class='ocrx_word' id='word_1_13' title='bbox 551 642 582 692; x_wconf 86' lang='lat' dir='ltr'>et</span> <span class='ocrx_word' id='word_1_14' title='bbox 610 632 692 692; x_wconf 88' lang='lat' dir='ltr'>inter</span> <span class='ocrx_word' id='word_1_15' title='bbox 722 633 781 692; x_wconf 87' lang='lat' dir='ltr'>alia</span> <span class='ocrx_word' id='word_1_16' title='bbox 816 631 1019 694; x_wconf 76' lang='grc' dir='ltr'><em>συκαττὲιλιλον</em></span> <span class='ocrx_word' id='word_1_17' title='bbox 1050 643 1142 693; x_wconf 81' lang='lat' dir='ltr'>vocat</span> <span class='ocrx_word' id='word_1_18' title='bbox 1171 636 1267 716; x_wconf 91' lang='lat' dir='ltr'>(quae</span> <span class='ocrx_word' id='word_1_19' title='bbox 1295 655 1351 694; x_wconf 84' lang='lat' dir='ltr'>vox</span> 
     </span>
     <span class='ocr_line' id='line_1_4' title="bbox 327 739 1352 823; baseline -0.001 -22"><span class='ocrx_word' id='word_1_20' title='bbox 327 741 436 802; x_wconf 83' lang='lat' dir='ltr'>itidem</span> <span class='ocrx_word' id='word_1_21' title='bbox 462 741 544 800; x_wconf 84' lang='lat' dir='ltr'>facta</span> <span class='ocrx_word' id='word_1_22' title='bbox 571 749 617 800; x_wconf 88' lang='lat' dir='ltr'>est</span> <span class='ocrx_word' id='word_1_23' title='bbox 646 763 664 798; x_wconf 91' lang='lat' dir='ltr'>a</span> <span class='ocrx_word' id='word_1_24' title='bbox 687 739 827 813; x_wconf 82' lang='lat' dir='ltr'>Cratino)</span> <span class='ocrx_word' id='word_1_25' title='bbox 861 740 900 801; x_wconf 91' lang='lat' dir='ltr'>ad</span> <span class='ocrx_word' id='word_1_26' title='bbox 924 739 1117 801; x_wconf 76' lang='lat' dir='ltr'>denotandas</span> <span class='ocrx_word' id='word_1_27' title='bbox 1140 739 1352 823; x_wconf 69' lang='grc' dir='ltr'><em>συκοφαντιλις,</em></span> 
     </span>
     <span class='ocr_line' id='line_1_5' title="bbox 328 845 1349 930; baseline 0.002 -24"><span class='ocrx_word' id='word_1_28' title='bbox 328 869 407 930; x_wconf 87' lang='lat' dir='ltr'>quae</span> <span class='ocrx_word' id='word_1_29' title='bbox 435 857 510 907; x_wconf 83' lang='lat' dir='ltr'>tunc</span> <span class='ocrx_word' id='word_1_30' title='bbox 534 847 684 929; x_wconf 87' lang='lat' dir='ltr'>temporis</span> <span class='ocrx_word' id='word_1_31' title='bbox 701 847 936 908; x_wconf 63' lang='lat' dir='ltr'>exercebantur</span> <span class='ocrx_word' id='word_1_32' title='bbox 977 847 1144 908; x_wconf 86' lang='lat' dir='ltr'>Ficulneos</span> <span class='ocrx_word' id='word_1_33' title='bbox 1158 847 1278 912; x_wconf 84' lang='lat' dir='ltr'>calceas</span> <span class='ocrx_word' id='word_1_34' title='bbox 1293 845 1349 908; x_wconf 90' lang='lat' dir='ltr'>ha-</span> 
     </span>
     <span class='ocr_line' id='line_1_6' title="bbox 325 952 1350 1036; baseline 0.002 -22"><span class='ocrx_word' id='word_1_35' title='bbox 325 956 402 1014; x_wconf 88' lang='lat' dir='ltr'>bere</span> <span class='ocrx_word' id='word_1_36' title='bbox 438 955 591 1036; x_wconf 82' lang='lat' dir='ltr'>significat</span> <span class='ocrx_word' id='word_1_37' title='bbox 616 953 753 1034; x_wconf 88' lang='lat' dir='ltr'>primum</span> <span class='ocrx_word' id='word_1_38' title='bbox 780 954 878 1035; x_wconf 88' lang='lat' dir='ltr'>ipsam</span> <span class='ocrx_word' id='word_1_39' title='bbox 910 952 1146 1034; x_wconf 78' lang='lat' dir='ltr'>sycophantiam</span> <span class='ocrx_word' id='word_1_40' title='bbox 1181 963 1212 1012; x_wconf 86' lang='lat' dir='ltr'>et</span> <span class='ocrx_word' id='word_1_41' title='bbox 1241 953 1350 1016; x_wconf 85' lang='lat' dir='ltr'>deinde</span> 
     </span>
     <span class='ocr_line' id='line_1_7' title="bbox 324 1059 1349 1142; baseline -0.002 -20"><span class='ocrx_word' id='word_1_42' title='bbox 324 1063 500 1138; x_wconf 85' lang='lat' dir='ltr'>mollitiem,</span> <span class='ocrx_word' id='word_1_43' title='bbox 522 1061 735 1120; x_wconf 84' lang='lat' dir='ltr'>infirmitatem</span> <span class='ocrx_word' id='word_1_44' title='bbox 758 1071 789 1120; x_wconf 88' lang='lat' dir='ltr'>et</span> <span class='ocrx_word' id='word_1_45' title='bbox 803 1059 935 1142; x_wconf 82' lang='lat' dir='ltr'>gradum</span> <span class='ocrx_word' id='word_1_46' title='bbox 946 1079 1138 1140; x_wconf 85' lang='lat' dir='ltr'>suspensum,</span> <span class='ocrx_word' id='word_1_47' title='bbox 1155 1081 1248 1140; x_wconf 88' lang='lat' dir='ltr'>quem</span> <span class='ocrx_word' id='word_1_48' title='bbox 1262 1060 1349 1122; x_wconf 88' lang='lat' dir='ltr'>tarde</span> 
     </span>
     <span class='ocr_line' id='line_1_8' title="bbox 323 1163 1394 1252; baseline -0.001 -24"><span class='ocrx_word' id='word_1_49' title='bbox 323 1169 498 1229; x_wconf 88' lang='lat' dir='ltr'>moliuntur</span> <span class='ocrx_word' id='word_1_50' title='bbox 522 1168 743 1252; x_wconf 82' lang='lat' dir='ltr'>sycophantae.</span> <span class='ocrx_word' id='word_1_51' title='bbox 787 1167 898 1247; x_wconf 86' lang='grc' dir='ltr'><em>Δωροῖ</em></span> <span class='ocrx_word' id='word_1_52' title='bbox 914 1163 1096 1227; x_wconf 73' lang='grc' dir='ltr'><em>συκοπέδιλε</em></span> <span class='ocrx_word' id='word_1_53' title='bbox 1117 1166 1176 1225; x_wconf 85' lang='lat' dir='ltr'>fuit</span> <span class='ocrx_word' id='word_1_54' title='bbox 1193 1165 1349 1247; x_wconf 72' lang='grc' dir='ltr'><em>Κρατίνου</em></span> <span class='ocrx_word' id='word_1_55' title='bbox 1393 1215 1394 1218; x_wconf 63' lang='lat'>,</span> 
     </span>
     <span class='ocr_line' id='line_1_9' title="bbox 323 1267 1394 1356; baseline -0.001 -21"><span class='ocrx_word' id='word_1_56' title='bbox 323 1273 438 1352; x_wconf 76' lang='grc' dir='ltr'><em>μέλους</em></span> <span class='ocrx_word' id='word_1_57' title='bbox 466 1268 547 1356; x_wconf 76' lang='grc' dir='ltr'><em>ἀρχὴ</em></span> <span class='ocrx_word' id='word_1_58' title='bbox 575 1273 747 1334; x_wconf 89' lang='lat' dir='ltr'>secundum</span> <span class='ocrx_word' id='word_1_59' title='bbox 773 1272 944 1333; x_wconf 73' lang='lat' dir='ltr'>schot&#39;ad</span> <span class='ocrx_word' id='word_1_60' title='bbox 964 1269 1121 1352; x_wconf 87' lang='lat' dir='ltr'>Aristoph.</span> <span class='ocrx_word' id='word_1_61' title='bbox 1147 1267 1205 1353; x_wconf 83' lang='lat' dir='ltr'>Eq.</span> <span class='ocrx_word' id='word_1_62' title='bbox 1229 1275 1294 1334; x_wconf 79' lang='lat'><strong>526.</strong></span> <span class='ocrx_word' id='word_1_63' title='bbox 1317 1284 1351 1333; x_wconf 88' lang='lat' dir='ltr'>et</span> <span class='ocrx_word' id='word_1_64' title='bbox 1393 1293 1394 1322; x_wconf 68' lang='lat'>³</span> 
     </span>
     <span class='ocr_line' id='line_1_10' title="bbox 324 1374 1350 1463; baseline -0.001 -23"><span class='ocrx_word' id='word_1_65' title='bbox 324 1381 452 1463; x_wconf 89' lang='lat' dir='ltr'>quidem</span> <span class='ocrx_word' id='word_1_66' title='bbox 474 1401 509 1440; x_wconf 82' lang='lat' dir='ltr'>ex</span> <span class='ocrx_word' id='word_1_67' title='bbox 525 1379 688 1440; x_wconf 83' lang='lat' dir='ltr'>comoedia</span> <span class='ocrx_word' id='word_1_68' title='bbox 704 1379 853 1462; x_wconf 84' lang='lat' dir='ltr'>quadam3</span> <span class='ocrx_word' id='word_1_69' title='bbox 879 1379 918 1440; x_wconf 90' lang='lat' dir='ltr'>dc</span> <span class='ocrx_word' id='word_1_70' title='bbox 939 1379 1039 1440; x_wconf 87' lang='lat' dir='ltr'>altero</span> <span class='ocrx_word' id='word_1_71' title='bbox 1061 1377 1184 1438; x_wconf 89' lang='lat' dir='ltr'>cantico</span> <span class='ocrx_word' id='word_1_72' title='bbox 1208 1374 1350 1452; x_wconf 82' lang='grc' dir='ltr'><em>Τέκτονες</em></span> 
     </span>
     <span class='ocr_line' id='line_1_11' title="bbox 324 1481 1353 1566; baseline -0.003 -17"><span class='ocrx_word' id='word_1_73' title='bbox 324 1482 510 1566; x_wconf 69' lang='grc' dir='ltr'><em>ειῖτιαλέιμων</em></span> <span class='ocrx_word' id='word_1_74' title='bbox 543 1481 650 1566; x_wconf 73' lang='grc' dir='ltr'><em>ὕμνων</em></span> <span class='ocrx_word' id='word_1_75' title='bbox 693 1487 793 1546; x_wconf 92' lang='lat' dir='ltr'>omnis</span> <span class='ocrx_word' id='word_1_76' title='bbox 830 1486 984 1547; x_wconf 75' lang='lat' dir='ltr'>dubitatio</span> <span class='ocrx_word' id='word_1_77' title='bbox 1020 1485 1143 1546; x_wconf 87' lang='lat' dir='ltr'>tollitur</span> <span class='ocrx_word' id='word_1_78' title='bbox 1173 1484 1353 1546; x_wconf 88' lang='lat' dir='ltr'>testimonio</span> 
     </span>
     <span class='ocr_line' id='line_1_12' title="bbox 322 1592 1351 1677; baseline -0.001 -22"><span class='ocrx_word' id='word_1_79' title='bbox 322 1595 515 1656; x_wconf 72' lang='lat' dir='ltr'>scholiastae</span> <span class='ocrx_word' id='word_1_80' title='bbox 530 1593 570 1654; x_wconf 93' lang='lat' dir='ltr'>ad</span> <span class='ocrx_word' id='word_1_81' title='bbox 589 1595 649 1677; x_wconf 87' lang='lat' dir='ltr'>Eq.</span> <span class='ocrx_word' id='word_1_82' title='bbox 665 1597 745 1676; x_wconf 63' lang='lat'>527„</span> <span class='ocrx_word' id='word_1_83' title='bbox 762 1595 814 1676; x_wconf 90' lang='lat' dir='ltr'>qui</span> <span class='ocrx_word' id='word_1_84' title='bbox 832 1593 946 1654; x_wconf 84' lang='lat' dir='ltr'>diserte</span> <span class='ocrx_word' id='word_1_85' title='bbox 960 1603 1078 1668; x_wconf 86' lang='lat' dir='ltr'>monet,</span> <span class='ocrx_word' id='word_1_86' title='bbox 1095 1592 1270 1652; x_wconf 88' lang='lat' dir='ltr'>desumtum</span> <span class='ocrx_word' id='word_1_87' title='bbox 1285 1612 1351 1654; x_wconf 86' lang='lat' dir='ltr'>esse</span> 
     </span>
     <span class='ocr_line' id='line_1_13' title="bbox 322 1689 1350 1783; baseline -0.007 -22"><span class='ocrx_word' id='word_1_88' title='bbox 322 1725 339 1781; x_wconf 77' lang='lat' dir='ltr'>e</span> <span class='ocrx_word' id='word_1_89' title='bbox 364 1700 483 1763; x_wconf 86' lang='lat' dir='ltr'>Cratini</span> <span class='ocrx_word' id='word_1_90' title='bbox 504 1700 621 1778; x_wconf 84' lang='lat' dir='ltr'>fabula,</span> <span class='ocrx_word' id='word_1_91' title='bbox 654 1723 735 1783; x_wconf 87' lang='lat' dir='ltr'>quae</span> <span class='ocrx_word' id='word_1_92' title='bbox 768 1694 932 1779; x_wconf 70' lang='lat' dir='ltr'>Edurar&#39;drc</span> <span class='ocrx_word' id='word_1_93' title='bbox 955 1699 1195 1761; x_wconf 83' lang='lat' dir='ltr'>inscribebatur.</span> <span class='ocrx_word' id='word_1_94' title='bbox 1242 1689 1350 1759; x_wconf 79' lang='grc' dir='ltr'><em>Εὗτια-</em></span> 
     </span>
     <span class='ocr_line' id='line_1_14' title="bbox 321 1805 1350 1891; baseline -0.005 -22"><span class='ocrx_word' id='word_1_95' title='bbox 321 1805 420 1887; x_wconf 80' lang='grc' dir='ltr'><em>λάμος</em></span> <span class='ocrx_word' id='word_1_96' title='bbox 441 1808 572 1891; x_wconf 87' lang='lat' dir='ltr'>proprie</span> <span class='ocrx_word' id='word_1_97' title='bbox 596 1806 757 1888; x_wconf 86' lang='lat' dir='ltr'>epitheton</span> <span class='ocrx_word' id='word_1_98' title='bbox 785 1816 831 1867; x_wconf 88' lang='lat' dir='ltr'>cst</span> <span class='ocrx_word' id='word_1_99' title='bbox 850 1829 1004 1890; x_wconf 87' lang='lat' dir='ltr'>personae</span> <span class='ocrx_word' id='word_1_100' title='bbox 1028 1805 1167 1880; x_wconf 91' lang='lat' dir='ltr'>alicuius,</span> <span class='ocrx_word' id='word_1_101' title='bbox 1199 1805 1350 1888; x_wconf 86' lang='lat' dir='ltr'>quaein-</span> 
     </span>
     <span class='ocr_line' id='line_1_15' title="bbox 321 1912 1350 1997; baseline -0.002 -23"><span class='ocrx_word' id='word_1_102' title='bbox 321 1916 480 1997; x_wconf 77' lang='lat' dir='ltr'>geniosam</span> <span class='ocrx_word' id='word_1_103' title='bbox 510 1935 637 1972; x_wconf 85' lang='lat' dir='ltr'>manum</span> <span class='ocrx_word' id='word_1_104' title='bbox 668 1913 764 1974; x_wconf 84' lang='lat' dir='ltr'>habet</span> <span class='ocrx_word' id='word_1_105' title='bbox 797 1913 836 1973; x_wconf 89' lang='lat' dir='ltr'>ad</span> <span class='ocrx_word' id='word_1_106' title='bbox 864 1923 962 1973; x_wconf 89' lang='lat' dir='ltr'>artem</span> <span class='ocrx_word' id='word_1_107' title='bbox 986 1912 1236 1996; x_wconf 86' lang='lat' dir='ltr'>qualemcunque</span> <span class='ocrx_word' id='word_1_108' title='bbox 1257 1912 1350 1972; x_wconf 88' lang='lat' dir='ltr'>facti-</span> 
     </span>
     <span class='ocr_line' id='line_1_16' title="bbox 320 2011 1353 2105; baseline 0 -25"><span class='ocrx_word' id='word_1_109' title='bbox 320 2021 457 2082; x_wconf 82' lang='lat' dir='ltr'>tandam.</span> <span class='ocrx_word' id='word_1_110' title='bbox 482 2025 595 2083; x_wconf 87' lang='lat' dir='ltr'>Zonar.</span> <span class='ocrx_word' id='word_1_111' title='bbox 614 2045 658 2083; x_wconf 86' lang='lat' dir='ltr'>ex.</span> <span class='ocrx_word' id='word_1_112' title='bbox 678 2025 700 2082; x_wconf 89' lang='grc' dir='ltr'>Ι.</span> <span class='ocrx_word' id='word_1_113' title='bbox 713 2045 745 2105; x_wconf 90' lang='lat' dir='ltr'>p.</span> <span class='ocrx_word' id='word_1_114' title='bbox 765 2046 833 2105; x_wconf 81' lang='lat'><em>901.</em></span> <span class='ocrx_word' id='word_1_115' title='bbox 854 2023 946 2082; x_wconf 87' lang='lat' dir='ltr'>dicit:</span> <span class='ocrx_word' id='word_1_116' title='bbox 965 2017 1150 2101; x_wconf 70' lang='grc' dir='ltr'><em>εὐπαλάμων</em></span> <span class='ocrx_word' id='word_1_117' title='bbox 1166 2011 1269 2096; x_wconf 64' lang='grc' dir='ltr'><em>ὕμνων</em></span> <span class='ocrx_word' id='word_1_118' title='bbox 1281 2011 1353 2080; x_wconf 76' lang='grc' dir='ltr'><em>ἀντὶ</em></span> 
     </span>
     <span class='ocr_line' id='line_1_17' title="bbox 316 2119 1348 2214; baseline 0.004 -26"><span class='ocrx_word' id='word_1_119' title='bbox 316 2130 374 2188; x_wconf 76' lang='grc' dir='ltr'>τοῦ</span> <span class='ocrx_word' id='word_1_120' title='bbox 395 2119 428 2190; x_wconf 75' lang='grc' dir='ltr'><em>εὖ</em></span> <span class='ocrx_word' id='word_1_121' title='bbox 449 2129 732 2210; x_wconf 77' lang='grc' dir='ltr'><em>ὃιακεχειρισμὲιων</em></span> <span class='ocrx_word' id='word_1_122' title='bbox 756 2130 810 2208; x_wconf 83' lang='lat' dir='ltr'>(ita</span> <span class='ocrx_word' id='word_1_123' title='bbox 834 2130 917 2192; x_wconf 90' lang='lat' dir='ltr'>enim</span> <span class='ocrx_word' id='word_1_124' title='bbox 939 2131 1105 2214; x_wconf 82' lang='lat' dir='ltr'>legendum</span> <span class='ocrx_word' id='word_1_125' title='bbox 1127 2144 1159 2194; x_wconf 89' lang='lat' dir='ltr'>et</span> <span class='ocrx_word' id='word_1_126' title='bbox 1180 2132 1348 2194; x_wconf 81' lang='lat' dir='ltr'>restituen-</span> 
     </span>
     <span class='ocr_line' id='line_1_18' title="bbox 319 2235 1348 2322; baseline 0.009 -30"><span class='ocrx_word' id='word_1_127' title='bbox 319 2235 393 2294; x_wconf 89' lang='lat' dir='ltr'>dum</span> <span class='ocrx_word' id='word_1_128' title='bbox 428 2247 474 2296; x_wconf 85' lang='lat' dir='ltr'>est</span> <span class='ocrx_word' id='word_1_129' title='bbox 508 2257 543 2296; x_wconf 85' lang='lat' dir='ltr'>ex</span> <span class='ocrx_word' id='word_1_130' title='bbox 564 2236 756 2296; x_wconf 78' lang='lat' dir='ltr'>scholiastae</span> <span class='ocrx_word' id='word_1_131' title='bbox 787 2236 858 2297; x_wconf 90' lang='lat' dir='ltr'>loco</span> <span class='ocrx_word' id='word_1_132' title='bbox 884 2239 1083 2322; x_wconf 76' lang='lat' dir='ltr'>provulgari</span> <span class='ocrx_word' id='word_1_133' title='bbox 1107 2241 1241 2299; x_wconf 84' lang='lat' dir='ltr'>tectione</span> <span class='ocrx_word' id='word_1_134' title='bbox 1265 2241 1348 2302; x_wconf 78' lang='grc' dir='ltr'><em>διακε</em></span> 
     </span>
     <span class='ocr_line' id='line_1_19' title="bbox 313 2335 1347 2426; baseline 0.007 -27"><span class='ocrx_word' id='word_1_135' title='bbox 313 2339 517 2422; x_wconf 76' lang='grc' dir='ltr'><em>χωρισμείων</em></span> <span class='ocrx_word' id='word_1_136' title='bbox 540 2365 589 2424; x_wconf 85' lang='lat' dir='ltr'>ap.</span> <span class='ocrx_word' id='word_1_137' title='bbox 613 2345 776 2418; x_wconf 86' lang='lat' dir='ltr'>Zonarcm)</span> <span class='ocrx_word' id='word_1_138' title='bbox 799 2335 819 2423; x_wconf 79' lang='grc' dir='ltr'><em>ἢ</em></span> <span class='ocrx_word' id='word_1_139' title='bbox 839 2342 1094 2426; x_wconf 66' lang='grc' dir='ltr'><em>συντεταγμένων.</em></span> <span class='ocrx_word' id='word_1_140' title='bbox 1138 2343 1282 2420; x_wconf 83' lang='grc' dir='ltr'><em>Τέκτονες</em></span> <span class='ocrx_word' id='word_1_141' title='bbox 1301 2349 1347 2407; x_wconf 89' lang='lat' dir='ltr'>di-</span> 
     </span>
     <span class='ocr_line' id='line_1_20' title="bbox 318 2448 1347 2531; baseline 0.011 -25"><span class='ocrx_word' id='word_1_142' title='bbox 318 2459 433 2508; x_wconf 84' lang='lat' dir='ltr'>cuntur</span> <span class='ocrx_word' id='word_1_143' title='bbox 454 2448 554 2508; x_wconf 93' lang='lat' dir='ltr'>omnis</span> <span class='ocrx_word' id='word_1_144' title='bbox 577 2451 697 2531; x_wconf 77' lang='lat' dir='ltr'>generis</span> <span class='ocrx_word' id='word_1_145' title='bbox 717 2451 864 2510; x_wconf 87' lang='lat' dir='ltr'>artifices.</span> <span class='ocrx_word' id='word_1_146' title='bbox 910 2449 1014 2510; x_wconf 91' lang='lat' dir='ltr'>Schol.</span> <span class='ocrx_word' id='word_1_147' title='bbox 1042 2451 1081 2510; x_wconf 88' lang='lat' dir='ltr'>ad</span> <span class='ocrx_word' id='word_1_148' title='bbox 1111 2449 1131 2513; x_wconf 89' lang='lat' dir='ltr'>l.</span> <span class='ocrx_word' id='word_1_149' title='bbox 1153 2471 1179 2508; x_wconf 91' lang='lat' dir='ltr'>c.</span> <span class='ocrx_word' id='word_1_150' title='bbox 1212 2451 1347 2527; x_wconf 81' lang='grc' dir='ltr'><em>τέκτονες</em></span> 
     </span>
     <span class='ocr_line' id='line_1_21' title="bbox 315 2550 899 2634; baseline -0.003 -20"><span class='ocrx_word' id='word_1_151' title='bbox 315 2550 424 2626; x_wconf 79' lang='grc' dir='ltr'><em>πάντες</em></span> <span class='ocrx_word' id='word_1_152' title='bbox 446 2551 476 2616; x_wconf 78' lang='grc' dir='ltr'>οἱ</span> <span class='ocrx_word' id='word_1_153' title='bbox 497 2562 638 2634; x_wconf 87' lang='grc' dir='ltr'><em>τεχνῖται.</em></span> <span class='ocrx_word' id='word_1_154' title='bbox 679 2557 764 2616; x_wconf 90' lang='lat' dir='ltr'>Haec</span> <span class='ocrx_word' id='word_1_155' title='bbox 786 2556 899 2616; x_wconf 86' lang='lat' dir='ltr'>obiter.</span> 
     </span>
     <span class='ocr_line' id='line_1_22' title="bbox 397 2659 1344 2744; baseline 0.002 -27"><span class='ocrx_word' id='word_1_156' title='bbox 397 2661 430 2718; x_wconf 82' lang='lat' dir='ltr'>ln</span> <span class='ocrx_word' id='word_1_157' title='bbox 455 2661 597 2726; x_wconf 86' lang='lat' dir='ltr'>laudibus</span> <span class='ocrx_word' id='word_1_158' title='bbox 630 2663 667 2724; x_wconf 87' lang='lat' dir='ltr'>dc</span> <span class='ocrx_word' id='word_1_159' title='bbox 699 2663 828 2723; x_wconf 87' lang='lat' dir='ltr'>Cratino</span> <span class='ocrx_word' id='word_1_160' title='bbox 858 2659 1078 2734; x_wconf 83' lang='lat' dir='ltr'>enumerandis</span> <span class='ocrx_word' id='word_1_161' title='bbox 1100 2679 1226 2718; x_wconf 83' lang='lat' dir='ltr'>versum</span> <span class='ocrx_word' id='word_1_162' title='bbox 1249 2683 1344 2744; x_wconf 80' lang='lat' dir='ltr'>supro</span> 
     </span>
     <span class='ocr_line' id='line_1_23' title="bbox 259 2766 1345 2852; baseline 0.004 -28"><span class='ocrx_word' id='word_1_163' title='bbox 259 2819 260 2824; x_wconf 73' lang='grc'>,</span> <span class='ocrx_word' id='word_1_164' title='bbox 316 2786 351 2824; x_wconf 80' lang='lat' dir='ltr'>ex</span> <span class='ocrx_word' id='word_1_165' title='bbox 372 2766 586 2848; x_wconf 83' lang='lat' dir='ltr'>Aristophanis</span> <span class='ocrx_word' id='word_1_166' title='bbox 607 2769 688 2830; x_wconf 88' lang='lat' dir='ltr'>Pace</span> <span class='ocrx_word' id='word_1_167' title='bbox 712 2792 780 2852; x_wconf 85' lang='lat'>701.</span> <span class='ocrx_word' id='word_1_168' title='bbox 805 2768 943 2843; x_wconf 82' lang='lat' dir='ltr'>allatum,</span> <span class='ocrx_word' id='word_1_169' title='bbox 971 2767 1003 2826; x_wconf 90' lang='lat' dir='ltr'>in</span> <span class='ocrx_word' id='word_1_170' title='bbox 1028 2789 1089 2850; x_wconf 89' lang='lat' dir='ltr'>quo</span> <span class='ocrx_word' id='word_1_171' title='bbox 1113 2766 1211 2849; x_wconf 76' lang='grc' dir='ltr'><em>σοφᾶς</em></span> <span class='ocrx_word' id='word_1_172' title='bbox 1235 2769 1345 2850; x_wconf 82' lang='lat' dir='ltr'>appel-</span> 
     </span>
     <span class='ocr_line' id='line_1_24' title="bbox 313 2872 1347 2956; baseline 0.003 -25"><span class='ocrx_word' id='word_1_173' title='bbox 313 2872 396 2933; x_wconf 89' lang='lat' dir='ltr'>latur</span> <span class='ocrx_word' id='word_1_174' title='bbox 424 2883 520 2956; x_wconf 86' lang='lat' dir='ltr'>poeta</span> <span class='ocrx_word' id='word_1_175' title='bbox 551 2885 667 2953; x_wconf 84' lang='lat' dir='ltr'>noster,</span> <span class='ocrx_word' id='word_1_176' title='bbox 709 2877 741 2936; x_wconf 90' lang='lat' dir='ltr'>in</span> <span class='ocrx_word' id='word_1_177' title='bbox 775 2874 900 2935; x_wconf 87' lang='lat' dir='ltr'>lectoris</span> <span class='ocrx_word' id='word_1_178' title='bbox 930 2883 1068 2936; x_wconf 88' lang='lat' dir='ltr'>mentem</span> <span class='ocrx_word' id='word_1_179' title='bbox 1099 2895 1281 2933; x_wconf 81' lang='lat' dir='ltr'>revocamus</span> <span class='ocrx_word' id='word_1_180' title='bbox 1317 2886 1347 2934; x_wconf 83' lang='lat' dir='ltr'>ot</span> 
     </span>
     <span class='ocr_line' id='line_1_25' title="bbox 310 2967 1350 3065; baseline 0.005 -28"><span class='ocrx_word' id='word_1_181' title='bbox 310 2977 386 3040; x_wconf 90' lang='lat' dir='ltr'>hnic</span> <span class='ocrx_word' id='word_1_182' title='bbox 408 2967 492 3040; x_wconf 83' lang='lat' dir='ltr'>aliud</span> <span class='ocrx_word' id='word_1_183' title='bbox 518 2981 730 3065; x_wconf 84' lang='lat' dir='ltr'>Aristophanis</span> <span class='ocrx_word' id='word_1_184' title='bbox 747 2979 964 3044; x_wconf 87' lang='lat' dir='ltr'>testimonium</span> <span class='ocrx_word' id='word_1_185' title='bbox 986 2999 1002 3038; x_wconf 87' lang='lat' dir='ltr'>e</span> <span class='ocrx_word' id='word_1_186' title='bbox 1028 2979 1120 3038; x_wconf 86' lang='lat' dir='ltr'>Ranis</span> <span class='ocrx_word' id='word_1_187' title='bbox 1142 2986 1211 3060; x_wconf 79' lang='lat'><strong>367.</strong></span> <span class='ocrx_word' id='word_1_188' title='bbox 1235 3003 1275 3040; x_wconf 84' lang='lat' dir='ltr'>an</span> <span class='ocrx_word' id='word_1_189' title='bbox 1290 3004 1350 3042; x_wconf 90' lang='lat' dir='ltr'>ne-</span> 
     </span>
     <span class='ocr_line' id='line_1_26' title="bbox 314 3085 1348 3170; baseline 0.006 -28"><span class='ocrx_word' id='word_1_190' title='bbox 314 3085 436 3162; x_wconf 82' lang='lat' dir='ltr'>ctimus,</span> <span class='ocrx_word' id='word_1_191' title='bbox 458 3089 545 3170; x_wconf 87' lang='lat' dir='ltr'>quod</span> <span class='ocrx_word' id='word_1_192' title='bbox 567 3090 689 3149; x_wconf 82' lang='lat' dir='ltr'>maximi</span> <span class='ocrx_word' id='word_1_193' title='bbox 710 3101 756 3150; x_wconf 87' lang='lat' dir='ltr'>est</span> <span class='ocrx_word' id='word_1_194' title='bbox 776 3087 938 3148; x_wconf 88' lang='lat' dir='ltr'>momenti.</span> <span class='ocrx_word' id='word_1_195' title='bbox 962 3086 1086 3148; x_wconf 89' lang='lat' dir='ltr'>Chorus</span> <span class='ocrx_word' id='word_1_196' title='bbox 1106 3089 1199 3150; x_wconf 90' lang='lat' dir='ltr'>sacris</span> <span class='ocrx_word' id='word_1_197' title='bbox 1219 3088 1348 3148; x_wconf 86' lang='lat' dir='ltr'>Cereris</span> 
     </span>
     <span class='ocr_line' id='line_1_27' title="bbox 311 3189 782 3256; baseline 0.011 -7"><span class='ocrx_word' id='word_1_198' title='bbox 311 3189 453 3250; x_wconf 85' lang='lat' dir='ltr'>initiatus</span> <span class='ocrx_word' id='word_1_199' title='bbox 474 3191 553 3254; x_wconf 88' lang='lat' dir='ltr'>hacc</span> <span class='ocrx_word' id='word_1_200' title='bbox 574 3196 672 3256; x_wconf 86' lang='lat' dir='ltr'>verba</span> <span class='ocrx_word' id='word_1_201' title='bbox 688 3195 782 3255; x_wconf 68' lang='lat' dir='ltr'>facita</span> 
     </span>
     <span class='ocr_line' id='line_1_28' title="bbox 395 3289 1319 3389; baseline 0.006 -29"><span class='ocrx_word' id='word_1_202' title='bbox 395 3293 556 3383; x_wconf 76' lang='grc' dir='ltr'><em>Εὖφημεῖν</em></span> <span class='ocrx_word' id='word_1_203' title='bbox 572 3303 636 3386; x_wconf 72' lang='grc' dir='ltr'>χρὴ</span> <span class='ocrx_word' id='word_1_204' title='bbox 657 3295 864 3389; x_wconf 77' lang='grc' dir='ltr'><em>κᾷξίστασθαι</em></span> <span class='ocrx_word' id='word_1_205' title='bbox 882 3310 948 3378; x_wconf 86' lang='grc' dir='ltr'><em>τοῖς</em></span> <span class='ocrx_word' id='word_1_206' title='bbox 969 3299 1146 3388; x_wconf 69' lang='grc' dir='ltr'><em>ἡμετέροισι</em></span> <span class='ocrx_word' id='word_1_207' title='bbox 1157 3289 1319 3386; x_wconf 75' lang='grc' dir='ltr'><em>χοροῖσιν,</em></span> 
     </span>
     <span class='ocr_line' id='line_1_29' title="bbox 393 3398 1349 3495; baseline 0.009 -30"><span class='ocrx_word' id='word_1_208' title='bbox 393 3398 479 3480; x_wconf 76' lang='grc' dir='ltr'><em>ὅστις</em></span> <span class='ocrx_word' id='word_1_209' title='bbox 501 3399 626 3492; x_wconf 74' lang='grc' dir='ltr'><em>ἄπειρος</em></span> <span class='ocrx_word' id='word_1_210' title='bbox 644 3407 771 3472; x_wconf 72' lang='grc' dir='ltr'><em>τοιῶνδε</em></span> <span class='ocrx_word' id='word_1_211' title='bbox 793 3404 903 3492; x_wconf 83' lang='grc' dir='ltr'><em>λόγων,</em></span> <span class='ocrx_word' id='word_1_212' title='bbox 926 3402 948 3492; x_wconf 77' lang='grc' dir='ltr'><strong><em>ἢ</em></strong></span> <span class='ocrx_word' id='word_1_213' title='bbox 977 3408 1082 3495; x_wconf 70' lang='grc' dir='ltr'><em>γνώμῃ</em></span> <span class='ocrx_word' id='word_1_214' title='bbox 1102 3413 1146 3492; x_wconf 77' lang='grc' dir='ltr'>μὴ</span> <span class='ocrx_word' id='word_1_215' title='bbox 1168 3408 1349 3494; x_wconf 73' lang='grc' dir='ltr'><em>καθαρεύει,</em></span> 
     </span>
     <span class='ocr_line' id='line_1_30' title="bbox 391 3505 1349 3600; baseline 0.009 -26"><span class='ocrx_word' id='word_1_216' title='bbox 391 3505 577 3594; x_wconf 73' lang='grc' dir='ltr'><em>ἢγενναίων</em></span> <span class='ocrx_word' id='word_1_217' title='bbox 599 3505 689 3597; x_wconf 73' lang='grc' dir='ltr'><em>ὄργια</em></span> <span class='ocrx_word' id='word_1_218' title='bbox 719 3515 863 3579; x_wconf 75' lang='grc' dir='ltr'><em>Μουσῶν</em></span> <span class='ocrx_word' id='word_1_219' title='bbox 881 3512 954 3598; x_wconf 68' lang='grc' dir='ltr'>μήτ’</span> <span class='ocrx_word' id='word_1_220' title='bbox 976 3510 1053 3580; x_wconf 75' lang='grc' dir='ltr'><em>εἶδεν</em></span> <span class='ocrx_word' id='word_1_221' title='bbox 1072 3521 1145 3598; x_wconf 78' lang='grc' dir='ltr'><em>μητ’</em></span> <span class='ocrx_word' id='word_1_222' title='bbox 1165 3513 1349 3600; x_wconf 77' lang='grc' dir='ltr'><em>ἐχόρευσεν·</em></span> 
     </span>
     <span class='ocr_line' id='line_1_31' title="bbox 386 3616 1348 3710; baseline 0.008 -30"><span class='ocrx_word' id='word_1_223' title='bbox 386 3617 469 3700; x_wconf 68' lang='grc' dir='ltr'>μηδὲ</span> <span class='ocrx_word' id='word_1_224' title='bbox 511 3616 670 3702; x_wconf 75' lang='grc' dir='ltr'><em>Κρατίνου</em></span> <span class='ocrx_word' id='word_1_225' title='bbox 708 3621 766 3681; x_wconf 75' lang='grc' dir='ltr'>τοῦ</span> <span class='ocrx_word' id='word_1_226' title='bbox 812 3620 1016 3710; x_wconf 77' lang='grc' dir='ltr'><em>Ταυροφίιγου</em></span> <span class='ocrx_word' id='word_1_227' title='bbox 1046 3619 1183 3706; x_wconf 76' lang='grc' dir='ltr'><em>γλώττης</em></span> <span class='ocrx_word' id='word_1_228' title='bbox 1212 3628 1348 3706; x_wconf 80' lang='grc' dir='ltr'><em>βακχεῖ’</em></span> 
     </span>
     <span class='ocr_line' id='line_1_32' title="bbox 911 3713 1394 3822; baseline 0.004 -32"><span class='ocrx_word' id='word_1_229' title='bbox 911 3727 1069 3812; x_wconf 69' lang='grc' dir='ltr'><em>ἐτελέσθη,</em></span> <span class='ocrx_word' id='word_1_230' title='bbox 1313 3713 1329 3733; x_wconf 45' lang='grc'><strong>“</strong></span> <span class='ocrx_word' id='word_1_231' title='bbox 1393 3807 1394 3822; x_wconf 20' lang='lat'>¹</span> 
     </span>
     <span class='ocr_line' id='line_1_33' title="bbox 389 3823 1348 3922; baseline 0.017 -33"><span class='ocrx_word' id='word_1_232' title='bbox 389 3823 409 3910; x_wconf 78' lang='grc' dir='ltr'>ἢ</span> <span class='ocrx_word' id='word_1_233' title='bbox 423 3826 620 3910; x_wconf 76' lang='grc' dir='ltr'><em>βωμολόχοις</em></span> <span class='ocrx_word' id='word_1_234' title='bbox 636 3827 739 3896; x_wconf 74' lang='grc' dir='ltr'><em>ἔντεσιν</em></span> <span class='ocrx_word' id='word_1_235' title='bbox 748 3829 861 3915; x_wconf 75' lang='grc' dir='ltr'><em>χαίρει,</em></span> <span class='ocrx_word' id='word_1_236' title='bbox 870 3835 914 3915; x_wconf 76' lang='grc' dir='ltr'>μῆ</span> <span class='ocrx_word' id='word_1_237' title='bbox 931 3838 958 3897; x_wconf 81' lang='grc' dir='ltr'>’ν</span> <span class='ocrx_word' id='word_1_238' title='bbox 972 3827 1070 3922; x_wconf 69' lang='grc' dir='ltr'><em>καιρῷ</em></span> <span class='ocrx_word' id='word_1_239' title='bbox 1078 3835 1170 3899; x_wconf 81' lang='grc' dir='ltr'><em>τοῦτο</em></span> <span class='ocrx_word' id='word_1_240' title='bbox 1181 3837 1348 3915; x_wconf 73' lang='grc' dir='ltr'><em>ποιοῦσιν,</em></span> 
     </span>
     <span class='ocr_line' id='line_1_34' title="bbox 390 3929 1394 4022; baseline 0.014 -27"><span class='ocrx_word' id='word_1_241' title='bbox 390 3929 410 4014; x_wconf 78' lang='grc' dir='ltr'>ἢ</span> <span class='ocrx_word' id='word_1_242' title='bbox 434 3932 545 4000; x_wconf 71' lang='lat' dir='ltr'>oreiam</span> <span class='ocrx_word' id='word_1_243' title='bbox 565 3937 683 4021; x_wconf 72' lang='grc' dir='ltr'><em>ἐχθρὰν</em></span> <span class='ocrx_word' id='word_1_244' title='bbox 709 3943 754 4022; x_wconf 71' lang='grc' dir='ltr'>μὴ</span> <span class='ocrx_word' id='word_1_245' title='bbox 776 3938 929 4018; x_wconf 71' lang='grc' dir='ltr'><em>καταλύει,</em></span> <span class='ocrx_word' id='word_1_246' title='bbox 950 3944 1024 4022; x_wconf 76' lang='grc' dir='ltr'>μηδ’</span> <span class='ocrx_word' id='word_1_247' title='bbox 1046 3931 1173 4016; x_wconf 69' lang='grc' dir='ltr'><em>εὔκολός</em></span> <span class='ocrx_word' id='word_1_248' title='bbox 1195 3943 1264 4007; x_wconf 80' lang='grc' dir='ltr'><em>ἐστι</em></span> <span class='ocrx_word' id='word_1_249' title='bbox 1285 3971 1349 4008; x_wconf 85' lang='grc' dir='ltr'>πο.</span> <span class='ocrx_word' id='word_1_250' title='bbox 1393 3951 1394 3970; x_wconf 67' lang='grc'>’</span> 
     </span>
     <span class='ocr_line' id='line_1_35' title="bbox 911 4046 1229 4119; baseline 0 -13"><span class='ocrx_word' id='word_1_251' title='bbox 911 4046 1018 4119; x_wconf 74' lang='grc' dir='ltr'><em>λα’τιιις·</em></span> <span class='ocrx_word' id='word_1_252' title='bbox 1040 4070 1068 4111; x_wconf 91' lang='grc' dir='ltr'>κ.</span> <span class='ocrx_word' id='word_1_253' title='bbox 1089 4069 1116 4113; x_wconf 89' lang='grc' dir='ltr'>τ.</span> <span class='ocrx_word' id='word_1_254' title='bbox 1140 4053 1170 4115; x_wconf 89' lang='grc' dir='ltr'>λ.</span> <span class='ocrx_word' id='word_1_255' title='bbox 1225 4101 1229 4106; x_wconf 90' lang='grc'>,</span> 
     </span>
    </p>
   </div>
   <div class='ocr_carea' id='block_1_3' title="bbox 0 0 1412 4784">
    <p class='ocr_par' dir='ltr' id='par_1_3' title="bbox 0 0 1412 4784">
     <span class='ocr_line' id='line_1_36' title="bbox 0 0 1412 4784; baseline 0 5"><span class='ocrx_word' id='word_1_256' title='bbox 0 0 1412 4784; x_wconf 95' lang='lat' dir='ltr'> </span> 
     </span>
    </p>
   </div>
  </div>
 </body>
</html>
