2846 4788
466 323 610 402 1-οὸ
658 355 707 368 -

76 528 211 592 quacum
232 516 337 570 tamen
360 505 439 570 aliae
460 527 627 590 personae,
649 504 848 570 secundarius
875 505 1014 590 quamvis
1031 527 1106 592 par..

72 623 122 676 tes
144 624 279 696 agentes,
301 623 371 676 arto
392 611 521 674 vinculo
534 610 780 696 coniunguntur,
800 619 837 672 ut
848 631 1003 675 summum
1017 613 1107 698 quasi

52 723 250 804 ¹praebcant
269 718 395 799 salsulae
417 727 648 802 argumentum.
685 711 841 790 Ὀιλοσοεῖς
859 716 992 800 Ulyrem
1018 718 1105 780 erhi-

70 827 175 888 lruerc
195 809 380 911 primariam
400 846 581 908 personam,
605 845 742 908 quocum
762 821 960 885 hauddubie
980 824 1032 884 alii
1048 825 1107 886 he*

72 956 148 994 roes
171 931 333 993 Homerici
355 931 392 992 iu
409 930 573 993 itineribus
598 942 685 992 terra
701 929 847 1014 marique,
863 929 970 992 iactati
986 930 1106 991 bonam

70 1042 238 1100 fortunam
245 1037 491 1132 'quaesiverunt3
505 1009 655 1115 sahulem,
669 1033 900 1120 Klroflovlt'ros
911 1035 1106 1120 inscriptam,

71 1145 203 1206 videtur
211 1145 356 1206 Cratinus
372 1136 582 1230 composuisse
603 1145 764 1230 celebrem
775 1143 996 1208 Cleobulinam
1015 1143 1107 1204 alias-

74 1274 140 1337 que
169 1253 317 1316 muliercs
343 1252 545 1338 philosophas
579 1252 721 1320 eiusdem
745 1251 868 1336 generis
890 1251 1050 1328 irrisurus,
1070 1257 1108 1310 ut

74 1359 166 1446 quasi
196 1360 304 1423 aetatIs
331 1383 405 1424 suae
427 1371 698 1430 certummorum
721 1369 753 1440 et
774 1359 1012 1444 disciplinarum
1031 1357 1108 1418 cha·
1194 1350 1197 1366 '

73 1477 235 1546 rectorem
259 1477 291 1528 et
310 1467 549 1532 inclinationem
569 1467 601 1529 in
622 1477 748 1552 partem
770 1465 963 1530 deteriorem
983 1465 1033 1528 vel
1053 1486 1107 1526 or·
1174 1487 1178 1498 ·

76 1574 185 1636 dinem
203 1574 372 1636 mulierum
392 1574 528 1660 priscam
543 1573 762 1636 Cleobulinam
783 1573 1000 1634 affectantium
1022 1593 1109 1633 mor·

76 1679 180 1758 deret,
202 1681 452 1766 comparatione,
472 1681 568 1742 sicuti
589 1679 706 1741 comici
727 1661 881 1756 solebant,
902 1679 985 1739 inter
1001 1676 1106 1760 prisca

73 1796 221 1871 tempora
259 1810 332 1850 cum
362 1787 434 1867 illis,
465 1788 578 1872 quihus
606 1787 672 1872 ipse
700 1785 785 1864 vluit,
816 1785 967 1847 instituta.
1028 1783 1107 1844 Loci

73 1894 162 1978 apud
177 1893 340 1955 Pollucem
353 1895 396 1954 X.
417 1897 484 1960 105.
504 1893 537 1956 ἐν
555 1887 745 1978 Κλεοβούλῳ
773 1892 871 1970 (MSS.
895 1890 929 1954 ἐν
945 1891 1107 1971 Κλεοβου-

74 1996 201 2080 λίναις),
218 1999 303 2080 apud
321 1998 457 2060 cundem
470 2000 539 2061 VII.
553 2017 602 2076 41·
619 1999 652 2062 ἐν
663 1995 889 2083 Κλεοβουλίνῃ,
908 1997 993 2082 apud
1006 1997 1108 2059 Scho-

73 2107 200 2164 liastam
226 2101 266 2162 ad
286 2101 501 2183 Aristophanis
523 2106 601 2164 Aves
623 2110 673 2166 31.
707 2103 742 2165 ἐν
763 2101 976 2184 Κλεοβούλοις
997 2126 1108 2166 emen-

76 2208 176 2270 dandi
196 2217 269 2268 sunt
288 2218 320 2269 et
340 2208 463 2268 sincera
480 2207 575 2268 lectio
590 2207 623 2271 ἐν
643 2205 899 2288 Κλεοβουλίναις,
918 2232 1012 2291 quam
1027 2208 1108 2268 Dio-

74 2336 172 2400 genes
192 2307 337 2374 Laertius
359 2315 381 2374 1.
405 2319 443 2398 89
475 2315 585 2376 Pollux
608 2315 649 2382 X·
675 2320 741 2381 105.
758 2315 791 2376 in
809 2314 992 2376 melioribus
1006 2313 1106 2374 Codd.

72 2421 177 2498 MSS,
205 2421 397 2504 Hephaestio
427 2419 558 2482 Enchir.
591 2444 639 2505 17.
671 2427 718 2488 16.
744 2423 793 2485 ed.
817 2421 912 2484 Gaisf.
934 2421 1106 2506 Hesychius

73 2553 106 2590 v.
139 2523 258 2609 Αἴθης,
283 2523 414 2590 Photius
445 2529 518 2590 Lex.
548 2551 578 2592 v·
608 2528 741 2611 Σκὰλοψ
762 2540 794 2592 ct
817 2529 982 2613 Φέροικος,
1003 2531 1108 2590 Zeno-

74 2635 148 2696 hius
171 2635 375 2698 Proverbior.
405 2633 445 2696 V.
480 2645 526 2718 '14-
555 2644 587 2698 et
616 2635 796 2700 Athenaeus
829 2637 883 2717 IV,
911 2661 944 2724 p.
979 2657 1048 2716 171.
1070 2637 1106 2697 B.

75 2753 218 2822 tuentur,
240 2741 445 2804 restituenda.
636 2735 638 2741 ¹

158 2849 265 2911 Simile
284 2858 505 2934 argumentum
518 2849 785 2935 Πνθαγορίζοοσο
806 2860 956 2913 tractasse
970 2848 1106 2911 videtur.

74 2956 111 3018 si
136 2959 373 3052 comoediarum
394 2961 590 3021 Graecarum
612 2962 789 3046 catalogum
813 2960 995 3042 perlustras,
1013 2979 1108 3042 saepe

79 3070 235 3123 notantur
254 3064 312 3126 tibi
331 3065 425 3126 huius
446 3065 572 3126 fabulae
593 3067 725 3143 indices,
748 3065 984 3148 undeapparct
996 3074 1107 3148 poetas

75 3167 218 3230 comicos
239 3193 429 3255 magnopere
456 3172 629 3234 delectatos
653 3172 802 3234 essehoc
825 3182 1012 3255 argumento
1035 3171 1107 3234 ido-

75 3297 140 3343 neo
164 3297 239 3337 sane
264 3277 304 3336 ad
325 3280 403 3341 sales
423 3281 512 3341 vario
533 3280 630 3340 modo
651 3277 873 3362 proferendos.
922 3281 1109 3341 Laudentur
1139 3273 1149 3288 ’
1218 3335 1222 3347 .

74 3381 294 3468 Aristophanis
316 3381 529 3470 Πυθαγόρειοι
557 3386 670 3447 Athen.
702 3385 753 3446 IV‘.
786 3408 818 3468 p.
851 3391 935 3458 161.;
974 3387 1107 3448 Alexidis

76 3489 345 3575 Πνθοιγοριζοοσα
366 3493 449 3575 apud
460 3493 656 3555 Athenaeum
677 3494 729 3552 III.
751 3517 782 3576 p.
808 3512 875 3556 111.
889 3494 924 3568 F,
969 3492 1015 3552 Cf.
1033 3493 1109 3552 Rei·
1199 3571 1202 3578 γ

75 3623 143 3664 nes.
164 3601 257 3667 Varr.
279 3600 380 3660 Lectt.
404 3600 457 3660 111.
479 3623 508 3678 c,
529 3607 558 3666 3·
583 3611 615 3662 et
635 3593 879 3683 Ποθανορισῑῆς
898 3599 1109 3684 Aristophon-

75 3709 127 3769 tis.
156 3707 244 3769 Suid.
277 3700 480 3790 Πυθαγόρης.
532 3709 640 3786 Quum
671 3729 706 3769 ex
738 3706 858 3767 Cratini
887 3705 994 3768 fabula
1014 3707 1108 3770 huius

76 3816 213 3882 nominis
234 3817 411 3899 fragmenta
433 3814 473 3876 ad
493 3824 634 3878 nostram
654 3824 789 3876 aetatem
810 3813 897 3874 nulla
920 3835 1107 3898 pervenere,

76 3921 167 3983 locus
191 3931 298 3984 tamen
330 3931 428 3985 exstat
458 3921 542 4006 apud
562 3895 746 4004 Hiogenem
768 3919 931 3982 Laertium
952 3922 1035 3982 VIII.
1057 3927 1107 4002 39.
1193 3925 1198 3932 “

78 4023 225 4118 idemque
245 4027 467 4116 transscriptus
490 4027 575 4116 apud
597 4027 727 4095 suidam
747 4039 776 4092 v.
799 4022 988 4116 Ξενοφάνης,
1023 4027 1108 4095 undu
