2846 4788
950 213 977 254 .

672 385 722 408 -
771 363 841 434 ιον
875 389 936 464 ,-

290 545 384 610 huius
403 541 530 612 fabulae
552 525 638 632 apud
656 543 818 625 Photium,
838 543 979 625 suidam,
995 542 1203 617 Athenaeum,
1218 541 1331 608 Scho-

292 653 415 728 liastam
435 650 664 736 Aristophanis,
685 651 762 714 alios
782 651 926 731 laudatis,
945 671 1027 734 quae
1040 649 1109 714 fere
1126 650 1232 714 omnia
1244 673 1330 714 cou-

292 759 449 830 vitiorum
477 769 676 845 apparatum,
706 757 918 843 parasitorum
935 757 1143 819 voracitatem
1162 765 1195 818 et
1214 757 1329 840 gulam

290 863 513 949 inexplebilem
535 862 715 952 'explicant
774 863 883 928 Veluti
922 862 1008 948 apud
1038 861 1245 928 Plutarchum
1280 865 1327 928 de

290 971 418 1036 Adulas
441 981 475 1035 et
496 973 612 1035 amicit.
634 995 662 1034 c.
687 979 735 1038 13.
757 970 806 1034 his
827 968 947 1034 verbis=
999 998 1004 1008 ·

412 1079 445 1146 T
441 1081 541 1164 απὴρ
564 1073 694 1143 ὄλοντο
718 1075 821 1157 σῶμα,
846 1074 987 1162 πανταχῇ
1005 1073 1130 1158 βλέπον

413 1179 590 1273 ὄφθολμὸς,
610 1183 706 1270 ἕρπον
723 1192 790 1260 τοῖς
810 1177 922 1248 ὀδοῦσι
940 1179 1064 1268 dipsas,

290 1275 422 1380 parasiti
442 1292 560 1377 effigies
582 1291 800 1368 adumbratur,
830 1291 924 1354 amici
945 1287 1018 1374 urps*
1034 1285 1166 1373 τῶγηνον
1184 1286 1239 1353 καὶ
1254 1288 1327 1368 μετ’

291 1391 433 1483 ἄριστον,
448 1407 486 1460 ut
500 1397 631 1483 Eupolis
648 1397 693 1458 ait
710 1399 771 1476 (De
782 1396 845 1460 hoo
858 1396 931 1460 loco
941 1397 983 1458 cf.
993 1395 1157 1459 Sohaeferi
1163 1395 1323 1458 Meletem.

293 1507 365 1570 crit.
387 1507 420 1568 iu
440 1504 571 1590 Dionys.
593 1512 652 1566 art.
675 1503 796 1566 rhetor.
819 1526 851 1588 p.
874 1506 973 1583 234·);
1007 1500 1062 1587 qui
1082 1502 1260 1566 adulatores
1284 1524 1323 1565 eo

292 1612 478 1678 temeritatis
493 1619 730 1695 processerunt,
749 1619 786 1672 ut
801 1630 861 1673 uec
882 1610 954 1695 igne
975 1632 1035 1674 nec
1058 1631 1132 1674 aere
1152 1631 1212 1672 uec
1233 1610 1323 1670 lerro

293 1743 313 1784 a
345 1742 446 1784 coena
474 1701 593 1783 Calliae
626 1721 731 1782 arceri
750 1742 842 1804 posse
864 1720 1012 1792 dicantur
1031 1720 1064 1782 iu
1087 1730 1196 1782 nostra
1216 1719 1325 1780 fabula
1420 1741 1421 1764 ν

294 1829 351 1909 (cf.
376 1828 538 1890 Plutarch.
567 1828 600 1890 in
626 1827 754 1891 libello:
783 1827 918 1890 Maxime
940 1850 1013 1890 cum
1033 1827 1228 1912 principibus
1248 1825 1326 1888 viris

292 1933 483 2017 philosopho
505 1957 572 1998 esse
593 1935 818 2020 disputandum
834 1936 867 1998 in
882 1937 956 1998 fine.
982 1935 1069 1998 suid.
1088 1959 1118 1998 v.
1134 1929 1326 2020 Λοφογμός.

291 2036 425 2100 Beller.
446 2039 566 2102 Aueod.
588 2063 635 2124 gr.
656 2031 691 2124 p.'
711 2046 762 2124 96,
788 2065 835 2125 ¹7·
855 2041 969 2104 Athen.
992 2040 1061 2104 VII.
1083 2063 1117 2125 p.
1131 2044 1228 2120 aas).
1249 2040 1325 2104 Cal-

291 2141 369 2205 liam
389 2144 560 2230 Hipponici
589 2146 688 2209 lilium
716 2147 909 2231 patrimonia
930 2148 1107 2232 profudisse
1127 2147 1201 2210 luxu
1222 2157 1256 2210 et
1277 2147 1326 2210 di-
1421 2157 1422 2188 ¹

291 2250 460 2335 lapidasse,
490 2253 621 2338 eiusque
648 2276 722 2316 cum
746 2254 891 2337 parasitis
912 2275 1035 2316 morem
1057 2253 1089 2314 iu
1112 2253 1173 2314 hac
1195 2251 1327 2317 comoe-

237 2355 241 2370 ‘
294 2357 347 2420 dia
369 2361 483 2443 erponi
504 2370 615 2423 monet
636 2341 812 2422 Scholiasta
833 2360 873 2420 ad
886 2360 1102 2443 Aristophanis
1116 2363 1195 2424 Aves
1210 2382 1238 2421 v.
1252 2364 1324 2442 284.

375 2467 455 2528 Aeta
488 2475 535 2530 est
563 2465 644 2528 haee
673 2467 838 2552 Eupolidis
865 2467 973 2528 fabula
1001 2467 1162 2530 Archonte
1194 2467 1324 2546 Alcaeo,

293 2592 378 2634 auno
399 2572 496 2632 tertio
518 2572 713 2656 Olympiadis
733 2573 942 2658 octogesimae
960 2595 1063 2636 nouae
1081 2575 1128 2656 (a.
1142 2572 1213 2634 Chr.
1237 2579 1325 2652 421.)

294 2688 330 2742 et
358 2686 488 2762 praeter
506 2657 668 2760 ‘parasitos
692 2678 873 2756 universim,
893 2679 1070 2743 Alcibiades
1088 2690 1221 2764 propter
1243 2681 1327 2743 insa·

294 2809 369 2848 nam
398 2793 431 2848 et
460 2783 661 2847 libidinosam
687 2785 814 2848 vivendi
836 2788 993 2850 rationem
1016 2787 1140 2866 (Athen.
1161 2789 1232 2849 XII.
1255 2791 1324 2852 635.

292 2896 331 2971 A)
366 2903 398 2956 et
424 2893 615 2977 Protagoras
643 2893 750 2972 Teius,
772 2891 909 2977 sophista
932 2905 965 2957 et
985 2897 1097 2957 Callias
1121 2894 1246 2974 (Athen.
1260 2897 1324 2956 ·x1.

295 3005 365 3066 ⁵06.
385 3003 421 3061 F.
444 3001 513 3063 Vll.
535 3003 606 3066 268.
629 3002 666 3078 B)
689 3010 841 3086 quamam
865 2979 1009 3085 equideiir
1034 3004 1110 3082 scio,
1127 3001 1325 3086 potissimum

293 3106 600 3189 perstringehantur.
640 3107 849 3191 Protagoram
870 3118 905 3169 ut
925 3109 1054 3170 Athenis
1074 3119 1254 3172 versantem
1276 3111 1327 3171 in-

296 3211 383 3272 duxit
402 3211 548 3294 Eupolis:
572 3213 723 3296 Amipsias
746 3223 853 3276 autem
875 3215 908 3275 in
933 3215 1055 3292 Coruo,
1075 3216 1181 3278 fabula
1194 3216 1326 3278 biennio

295 3317 381 3402 prius
410 3317 443 3378 in
474 3339 602 3380 scenam
627 3319 786 3403 producta
809 3321 879 3398 (01.
905 3323 1080 3385 LXXXIX.
1105 3326 1144 3401 a.)
1170 3323 1327 3408 Protago-

295 3446 364 3486 ram
385 3425 418 3485 in
440 3424 652 3508 sophistarum
672 3423 772 3486 choro
796 3446 861 3486 non
882 3437 1035 3490 recenset.
1090 3429 1206 3514 Liquet
1230 3431 1328 3516 igitur

294 3531 379 3594 iutra
408 3531 487 3592 illud
517 3539 640 3614 tempus
671 3553 744 3593 eum
775 3530 935 3596 advenisse
958 3533 1089 3614 (Athen.
1111 3537 1151 3600 V.
1172 3541 1243 3600 218.
1266 3538 1327 3616 C.).

294 3639 397 3696 Locus
428 3637 579 3720 Diogenis
609 3638 728 3700 Laertii
757 3639 812 3698 IX.
844 3642 904 3716 ho„
936 3661 1031 3723 quem
1050 3641 1111 3704 viri
1132 3641 1219 3706 docti
1239 3646 1331 3708 varie

294 3741 517 3804 intellexeruut
546 3751 578 3805 et
607 3742 808 3826 interpretati
835 3755 934 3834 sunt.
947 3747 1025 3808 mihi
1049 3748 1117 3812 lere
1145 3751 1332 3834 persuadet,

292 3849 503 3931 Protagoram
519 3915 522 3920 ,
537 3849 710 3933 sophistam
752 3848 854 3933 ipsum
883 3853 923 3914 ab
948 3852 1107 3939 Eupolide
1136 3855 1168 3916 in
1200 3877 1334 3930 scenam

294 3954 488 4038 productum
517 3975 600 4025 esse;
635 3977 709 4017 nam
739 3954 793 4016 illa
821 3975 971 4041 persona,
998 3981 1081 4047 quae
1102 3965 1332 4032 seutentiama

175 4087 178 4098 ·
295 4061 439 4150 Diogene
460 4059 589 4126 Laertio
612 4070 786 4126 servatam:
