2814 4784
447 367 686 438 ...43-

130 547 242 627 Μόνος
263 551 298 616 ἐκ
321 552 458 636 κεφαλῆς
488 549 702 614 ἑνδεκακλίνου
726 548 865 634 θόρυβον
885 557 985 618 ccliv
1003 553 1077 632 ἕξιν.

99 636 103 641 .
270 739 273 742 Ι
691 654 840 733 vacillet,

46 766 137 848 prior
165 774 333 848 tantopere
363 761 457 822 mixta
483 769 531 823 est
558 761 721 824 Plutarchi
750 763 855 824 verbis
888 774 921 826 et
949 765 1076 830 adeius
1121 789 1129 816 υ

45 873 220 934 sententiae
251 868 520 928 constructionem
552 867 709 950 adaptata,
732 879 767 930 ut
788 871 834 932 vix
854 870 976 954 integra
999 874 1076 934 Cra-

45 980 104 1039 tini
137 979 236 1039 vcrba
264 996 363 1057 eaque
395 975 475 1036 iusto
507 975 619 1037 ordine
643 976 791 1060 disposita
814 977 897 1040 tradi
913 998 1007 1060 posse
1028 980 1077 1039 vi-

47 1087 193 1146 deantur.
245 1081 452 1168 Καρηβαριᾷν
481 1092 513 1144 et
538 1081 612 1145 inde
639 1087 823 1166 καρηβαρεῖν
853 1087 911 1164 τὴν
939 1087 1075 1169 κεφαλὴν
1164 1157 1169 1170 ί

45 1191 145 1276 (quod
167 1189 298 1273 ponitur
325 1189 457 1273 perinde
488 1210 524 1250 ac
549 1191 575 1251 si
603 1192 739 1275 κεφαλῆς
767 1191 952 1275 significatio
975 1193 1073 1255 verbo

45 1299 100 1356 illo
132 1319 195 1358 non
224 1296 464 1375 includeretur),
499 1299 537 1359 ab
560 1298 768 1384 Aristophane
790 1319 917 1382 quoquc
939 1321 1074 1384 usurpa-

45 1415 112 1464 tum
132 1427 180 1488 ap.
202 1403 322 1464 Pollnc.
344 1405 382 1465 ΙΙ.
403 1424 454 1484 41.
476 1403 592 1468 dicitur
613 1406 653 1468 de
674 1407 783 1490 capitis
805 1407 974 1491 gravedine
993 1429 1072 1492 qun-

43 1512 86 1571 vis
116 1533 151 1572 cx
182 1532 275 1572 causa
302 1513 521 1595 proveniente,
551 1513 614 1575 hoc
643 1524 749 1576 autem
778 1515 850 1576 loco
877 1515 917 1576 de
937 1516 1069 1579 Periclis

42 1619 145 1700 capite
166 1619 272 1682 multis
291 1619 465 1680 minoribus
487 1619 654 1702 capitibus,
675 1641 756 1702 quae
780 1627 881 1700 σχῖνοι
902 1632 1068 1683 vocantur.

40 1727 75 1785 ln
95 1727 232 1809 imagine
264 1727 343 1787 lovis
376 1709 536 1788 coloribus
558 1727 734 1788 Homericis
756 1725 954 1809 depingenda
976 1727 1069 1788 etad

38 1832 195 1894 Periclem
215 1833 383 1894 referenda
405 1834 487 1894 miro
509 1834 647 1916 quodam
671 1843 702 1894 et
715 1833 786 1894 satis
804 1831 956 1915 exquisito
969 1832 1066 1894 modo

39 1959 170 2021 operam
192 1951 350 2001 navarunt
373 1940 487 2001 comici
510 1940 635 2018 Graeci,
665 1961 767 2023 neque
789 1939 890 2000 solum
909 1936 1067 2002 Periclem

38 2046 146 2106 Iovem
179 2045 380 2126 appellarunt
406 2045 513 2104 addito
546 2025 716 2106 Homerico
739 2047 879 2129 epitheto
897 2039 1067 2126 Ὀλύμπιος

38 2149 94 2227 (ll.
117 2173 146 2209 α.
170 2154 240 2214 353.
263 2153 331 2230 589·
354 2151 389 2228 β,
409 2155 478 2232 309.
503 2148 531 2225 ὃ,
554 2155 621 2211 160.
645 2149 672 2225 ζ,
693 2154 786 2227 οδω),
815 2151 871 2210 sed
893 2163 990 2232 caput
1009 2151 1066 2234 ‹le-

35 2258 141 2316 forme
173 2255 213 2316 ad
234 2255 416 2338 Olympum,
437 2255 546 2338 gibbos
568 2253 608 2314 nd
629 2253 757 2337 Olympi
778 2253 942 2316 cremina
963 2263 1068 2314 trans-

34 2363 190 2438 tulerunt,
223 2363 265 2422 ita
295 2369 331 2422 ut
356 2383 391 2422 ex
417 2361 480 2422 hoc
501 2359 580 2422 illud
602 2381 778 2442 cognomen
799 2370 907 2452 natum
930 2381 995 2422 esse
1017 2360 1066 2422 vi-

34 2469 159 2528 deatur.
209 2469 363 2530 Homerus
388 2467 488 2530 multa
505 2468 687 2530 cacumina
718 2467 845 2552 Olympi
868 2469 1010 2552 agnoscit
1029 2469 1063 2530 in

31 2575 99 2634 his:

112 2721 285 2816 Ἀκροτάτῃ
308 2728 431 2816 κορυφῇ
451 2703 673 2814 πολυδιῖρὰδος
695 2721 879 2809 Οὐλύμποιο

30 2884 67 2943 ll.
90 2907 121 2959 α,
141 2905 215 2965 499.
237 2886 270 2960 θ,
292 2889 324 2960 3,

113 2989 311 3050 Vocabulum
332 2989 454 3072 κορυφὴ
475 2987 560 3049 baud
580 2987 677 3051 dubie
697 2987 895 3070 potissimum
915 3002 1059 3064 respexe-

28 3103 105 3156 rant
143 3095 266 3169 comici,
301 3119 374 3157 cnm
404 3116 469 3156 non
498 3096 598 3156 solum
626 3094 781 3154 montium
809 3087 974 3152 cacumina
1003 3087 1059 3148 sed

29 3203 128 3264 etiam
157 3200 266 3282 capitis
294 3212 416 3284 partem
444 3201 528 3262 inter
556 3200 693 3283 sinciput
715 3207 747 3260 et
771 3197 900 3281 occiput
920 3197 1058 3259 mediam

28 3321 63 3372 et
86 3327 249 3382 summam,
269 3328 348 3389 quae
369 3308 500 3392 proprie
522 3301 656 3392 στεφάνη
678 3303 865 3388 appellatur,
883 3303 1054 3387 significem

27 3415 84 3480 alli
106 3435 176 3474 eam
197 3422 322 3496 partem
341 3413 451 3497 capitis
472 3413 702 3487 intellexerunt,
725 3411 757 3471 in
779 3433 840 3493 qua
863 3410 968 3492 capilli
980 3429 1058 3493 par-

26 3524 86 3584 tim
108 3519 148 3582 ad
170 3520 310 3582 dextram
331 3520 447 3602 partim
469 3519 509 3580 ad
530 3519 684 3594 sinistram
705 3517 915 3592 invertuntur,
946 3523 981 3576 ut
1002 3536 1056 3576 κο.

27 3628 112 3713 pupi]
147 3627 186 3689 sit
213 3627 268 3688 illa
298 3626 392 3702 linea,
420 3648 499 3710 quae
519 3624 649 3710 capillos
669 3622 702 3682 in
724 3621 799 3683 duas
819 3630 925 3704 partes
949 3620 1057 3682 distri·-
1103 3692 1109 3704 1

24 3737 109 3806 buit;
136 3735 242 3820 itaque
264 3733 458 3819 grammatici
478 3733 618 3816 κορυφὴν
642 3729 751 3792 dicunt
772 3726 889 3790 esseni
908 3724 1055 3813 ἐνμέσῳ,

26 3843 100 3906 καθ’
124 3836 143 3904 t
165 3843 203 3922 δὴ
222 3838 361 3924 μάλιστα
393 3840 547 3904 allodtum
573 3834 605 3901 ul
625 3834 737 3920 τριχὲς,
759 3842 795 3896 ut
815 3844 921 3896 vertex
942 3856 960 3896 a
981 3857 1054 3896 ver-

23 3946 136 4011 tendo.
186 3951 274 4026 Quot
300 3947 403 4032 capita
432 3969 508 4009 vero
534 3946 653 4007 babere
685 3942 876 4006 credebatur
902 3943 1052 4022 Pericles,

23 4065 75 4118 tot
97 4054 236 4140 κορυφαί
255 4057 311 4138 (cl.
336 4057 525 4141 lnterpretes
547 4053 587 4117 ad
606 4042 729 4116 Pulluc.
754 4051 792 4114 11.
811 4053 885 4134 lb).
