2814 4784
5 597 6 600 ,
86 542 201 596 matam
237 534 412 598 invenimus
445 531 528 596 hanc
555 537 754 612 sententiam,
785 533 1041 620 quandoquidem
1075 537 1108 598 iu

85 643 270 726 Epicharmi
290 643 404 708 fabulis
426 662 490 702 non
510 642 644 726 impetus
665 642 785 704 fiebant
810 643 844 703 in
862 645 996 727 singulos
1015 642 1108 719 cives,

85 749 140 810 scd
172 761 356 834 argumenta
382 747 486 832 potins
515 747 746 832 emythologia
767 747 1044 831 depromebantur,
1065 749 1111 810 ita

84 863 120 916 ut
143 857 195 916 illa
221 836 386 917 comoedia
407 852 538 914 similior
566 853 711 916 videatur
731 854 866 938 satyrico
890 853 1033 931 dramati,
1054 877 1111 914 cu-

85 961 132 1020 ius
154 971 260 1022 tamen
293 959 407 1020 chorus
429 959 546 1044 Satyris
569 961 742 1038 constabat,
767 983 841 1042 cum
851 960 1036 1045 Epicharmi
1056 981 1112 1022 co-

83 1066 242 1140 moediae,
266 1064 353 1148 quod
375 1065 634 1127 verisimillimum
655 1077 712 1143 est,
742 1067 841 1129 chora
865 1069 995 1154 omnino
1021 1090 1112 1130 care-

83 1179 167 1231 rent.
216 1171 261 1232 Er
289 1171 431 1255 catalogo
461 1171 641 1234 fabularum
668 1173 851 1257 Epicharmi
882 1175 967 1258 apud
997 1174 1111 1235 Fabri-

84 1277 171 1336 cium
200 1287 231 1338 et
256 1279 372 1360 passim
401 1300 437 1340 cx
465 1277 647 1362 fragmentis
671 1279 748 1340 licet
769 1279 898 1340 omnino
922 1279 1111 1362 intelligere,

85 1403 166 1466 quae
203 1381 242 1442 de
271 1406 380 1446 earum
405 1396 591 1468 argumento
622 1384 771 1458 diximus3
815 1385 975 1470 quomodo
1007 1394 1113 1445 autem

81 1489 121 1550 Η.
146 1489 303 1552 Harlesius
329 1491 385 1571 (de
409 1491 602 1576 Epicharmo
622 1514 655 1576 p.
683 1494 745 1570 44.)
777 1512 813 1556 ex
844 1491 915 1553 loco
935 1489 1112 1552 Aristotelis

78 1597 171 1658 *Poet
194 1597 233 1658 V.
266 1599 294 1660 5.
323 1596 551 1680 Epicharmum
580 1598 613 1658 in
643 1597 758 1660 fabulis
786 1587 847 1657 suis
882 1606 1066 1680 argumenta
1093 1617 1111 1658 e

57 1702 276 1800 ¹mythologie
313 1701 452 1764 hausisse
480 1704 629 1788 colligere
660 1701 812 1788 potuerit,
852 1701 959 1764 dicens
990 1699 1113 1781 μύθους

79 1815 181 1870 ποιεῖν
202 1829 268 1870 esse
290 1805 333 1886 id,
358 1807 445 1892 quod
465 1789 637 1872 sahmis‘ax
656 1808 789 1870 historia
810 1806 944 1869 deorum
960 1807 1113 1869 heroum-

80 1935 143 1997 que
175 1913 325 1976 desumtis
355 1915 402 1977 uti
433 1915 474 1978 ad
504 1917 724 2000 componenda
757 1913 995 1976 comoediarum
1018 1937 1113 1998 argu-

5 2067 8 2072 .
81 2029 191 2080 menta
221 2031 316 2104 atque
346 2023 414 2093 fila;
437 2045 500 2107 quo
529 2025 599 2085 iure
627 2034 795 2108 praeterea
826 2021 874 2086 Cl.
895 2021 1114 2084 Hermannum

81 2124 323 2206 reprehendere
346 2137 491 2202 conetur,
513 2128 601 2208 quod
622 2129 642 2188 1.
661 2150 689 2187 c.
711 2132 829 2203 „iustas
839 2129 997 2206 sabulas“
1015 2129 1113 2189 latine

81 2229 228 2304 ¹verterit,
259 2229 437 2312 intelligere
465 2230 613 2315 equidem
631 2230 761 2291 omnino
785 2251 848 2289 non
870 2251 1008 2310 possum.
1048 2233 1114 2290 Po-

82 2342 146 2394 test
167 2332 252 2394 enim
274 2333 313 2397 de
335 2337 481 2399 vocabuli
502 2336 606 2418 μῦθος
627 2335 712 2421 apud
737 2315 937 2396 Aiistotclem
958 2334 1115 2418 significa-

78 2441 173 2504 tione
194 2463 233 2503 eo
258 2443 360 2506 minus
378 2465 443 2507 esse
462 2444 689 2522 controversia,
712 2463 774 2527 quo
793 2440 827 2502 id
846 2440 968 2525 saepius
987 2441 1113 2526 legitur,

81 2557 116 2610 et
137 2569 201 2632 quo
223 2551 401 2614 accuratius
422 2553 461 2613 ab
483 2552 552 2636 ipso
575 2572 696 2613 summo
717 2549 908 2634 philosopho
931 2549 1113 2632 explicatur.

80 2663 211 2726 Scilicet
237 2659 399 2724 Aristoteli
429 2669 483 2722 cst.
502 2645 606 2739 μῦθος
637 2658 658 2717 i.
687 2681 719 2740 q.
751 2678 809 2718 uos
838 2654 989 2717 dicimus:
1023 2655 1113 2731 stou,

80 2766 220 2852 πράξεως
242 2767 375 2850 μίμησις
396 2765 502 2846 (Poct.
523 2765 578 2825 VI.
601 2768 655 2842 8.),
677 2759 822 2836 σύνθεσις
838 2762 900 2825 τῶν
915 2757 1115 2845 πρανμάτων.

63 2877 232 2940 'Ceterum
260 2877 324 2940 hoc
351 2873 477 2960 mythos
506 2873 539 2932 in
571 2870 771 2933 comoediam
792 2869 953 2932 referendi
975 2867 1115 2930 studium

81 2983 219 3046 Athenas
248 2980 459 3068 permanavit,
486 2979 542 3040 ubi
571 2978 691 3054 Crates,
722 2985 820 3060 poeta
853 2975 1003 3052 comicus,
1034 2973 1114 3058 Epi-

82 3089 248 3152 charmum
277 3091 427 3164 imitatus,
460 3093 646 3178 argumenta
670 3104 688 3144 e
714 3080 908 3167 mythologie
937 3080 1051 3144 hausta
1079 3081 1113 3144 in
1218 3087 1227 3104 ⁶

79 3197 204 3262 fabulas
224 3197 361 3260 traduxit
384 3194 425 3256 ad
448 3213 562 3275 easque
580 3188 757 3252 accuratius
779 3186 1040 3250 accommodavit.

162 3301 223 3366 llic
245 3303 313 3364 lere
335 3311 432 3362 status
456 3296 640 3362 comoediae
662 3295 723 3356 fuit
743 3293 873 3354 Athenis
895 3293 981 3359 circa
1002 3296 1115 3382 Olym.

80 3409 210 3496 piadem
244 3407 505 3492 septuagesimam
535 3404 686 3490 quintam,
720 3401 823 3462 tenuis
852 3411 940 3462 certe
972 3410 1004 3462 et
1037 3400 1114 3462 levis
1183 3473 1185 3480 y

80 3516 245 3588 momentis
307 3511 584 3592 Quemadmodum
617 3515 697 3572 'vero
735 3507 905 3591 Aeschylus
950 3507 1114 3570 uberrima

80 3623 235 3686 sermonis
258 3620 361 3705 copia,
382 3619 474 3704 lyrici
496 3617 622 3701 spiritns
644 3613 775 3678 audacia
797 3613 970 3698 eximiaque
995 3614 1029 3676 in
1043 3636 1113 3676 mo-

78 3733 168 3793 ribus
192 3727 416 3792 adumbrandis
436 3727 553 3788 virtute
583 3722 779 3807 tragoediam
804 3743 840 3786 ex
857 3720 1013 3782 mediocri
1035 3743 1113 3804 pro-

79 3857 171 3896 cessu
200 3835 240 3896 ad
269 3855 426 3895 summum
451 3853 553 3917 paene
575 3827 731 3912 fastigium
754 3829 871 3906 extulit,
895 3829 939 3888 sic
966 3828 1112 3888 Cratinus

78 3941 129 4002 sui
160 3941 280 4024 ingenii
308 3941 501 4026 praestantia
523 3937 723 4002 comoediam
743 3937 897 4020 insignem
918 3933 1059 3998 reddidit
1081 3945 1114 3998 et

76 4043 285 4116 luculentam.
