2846 4788
695 309 937 376 -se-
1025 271 1079 370 ⁸.

303 491 433 556 marimo
458 488 628 567 adamatus,
650 488 788 566 indutus,
812 489 938 552 delicias
961 510 998 550 nc
1019 485 1175 562 libidines,
1197 483 1337 566 proprie
1402 521 1403 576 j

290 600 342 660 ab
363 597 432 680 ipso
454 595 665 672 alienissimus,
680 597 798 658 faciens
822 595 969 658 dominae
988 592 1116 676 placere
1137 611 1336 675 quocunque
1402 583 1403 624 ³

302 703 399 766 modo
416 697 587 768 studebat.
640 702 752 765 Seneo.
775 701 936 788 Hippolyt.
957 723 986 762 v.
1014 706 1083 765 dau·
1126 697 1268 760 Similem
1289 697 1334 757 oh

302 831 428 870 causam
447 808 599 872 Deianira
618 818 731 870 vocata
752 817 798 870 est
820 816 852 869 et
875 803 1064 889 sdporroca
1086 805 1227 882 Cratino,
1249 826 1334 886 quae

302 933 456 978 summum
486 913 654 997 imperium
674 915 734 978 sihi
753 913 842 1000 quasi
863 913 1040 978 vindicarit.
1092 912 1139 974 Cf.
1161 910 1267 974 Schol.
1290 911 1333 972 ad

301 1020 425 1082 Platon.
445 1021 557 1084 Menex
577 1043 610 1100 p·
635 1025 703 1105 139·
1024 1087 1027 1097 Δ

381 1125 539 1192 Periclem
559 1126 638 1190 lilios
660 1123 812 1210 quosdam
834 1125 956 1210 spurios
977 1125 1124 1187 habuisse
1144 1123 1252 1186 multis
1275 1146 1334 1185 ve·-

302 1241 408 1294 terum
434 1231 620 1296 testimoniis
654 1232 726 1294 setis
755 1243 888 1310 constet,
910 1255 1045 1318 eumque
1065 1232 1211 1310 hahuisse
1232 1255 1332 1297 unum

304 1363 339 1402 ex
359 1339 486 1422 Aspasia
508 1338 684 1422 suspicatur
703 1338 889 1402 Plutarchus
915 1340 957 1417 (in
977 1339 1102 1402 Pericle
1123 1360 1152 1402 c.
1176 1341 1238 1419 24.)
1264 1339 1334 1398 Eu-

302 1445 401 1536 polim
422 1443 562 1522 laudans,
586 1444 617 1504 in
641 1445 730 1506 cuius
743 1446 851 1512 Darnis
870 1469 968 1534 quum
982 1447 1121 1512 Pericles
1140 1446 1331 1529 interrogat:

423 1544 556 1624 ὄνόθος
576 1549 611 1614 ds'
630 1574 686 1631 μοι
707 1551 766 1637 ζῇς

382 1657 556 1744 Pyronides
577 1657 766 1744 respondet:

781 1759 836 1830 aad
854 1759 950 1824 πάλαι
967 1763 995 1844 7²
1016 1753 1054 1826 du
1073 1751 1111 1844 ἦν
1131 1755 1210 1847 ἀνὴρ

384 1867 413 1932 εἶ
430 1873 475 1952 μὴ
496 1872 532 1933 ad
558 1870 614 1954 τῆς
635 1866 752 1954 πόρνης
770 1863 955 1952 &nodedun
976 1863 1080 1934 κακὸν.

304 1976 351 2040 ef.
372 1976 560 2042 Valckennr.
583 1979 615 2039 in
632 1978 733 2044 Diatr.
755 1976 865 2060 Eurip.
887 1999 919 2060 p.
942 1995 1012 2040 aas.
1039 1975 1149 2049 Lectio
1170 1973 1264 2036 codd.
1278 1976 1332 2034 lir-

264 2073 266 2080 ’
302 2094 396 2151 mete.
439 2087 533 2152 Hunc
560 2085 692 2148 nothum
715 2105 841 2168 quoque
854 2081 1012 2148 Periclem
1029 2083 1225 2147 nominatum
1237 2082 1331 2144 fuisse

301 2201 436 2260 testatur
458 2191 673 2276 Harpocratio'
692 2215 722 2254 v.
740 2185 909 2260 Ἀσπασία,
950 2193 1023 2257 Duo
1042 2212 1119 2255 aero
1134 2188 1190 2254 filii
1204 2190 1334 2273 genuini

302 2299 507 2364 nominentur
533 2299 663 2365 Paralus
693 2308 725 2359 et
754 2297 955 2380 Xanthippus
987 2297 1117 2375 (Aeliam
1143 2296 1220 2358 Var.
1251 2297 1330 2359 Hist.

303 2405 359 2474 Ν.
389 2410 462 2482 re),
494 2406 548 2490 qui
578 2406 674 2471 tristis
699 2405 780 2472 illins
800 2403 999 2492 pestilentiae
1020 2405 1134 2466 morbo
1155 2403 1331 2487 perierunt.

304 2509 385 2570 Cum
413 2531 490 2572 vero
517 2509 655 2576 Pericles
685 2511 787 2594 legem
807 2511 997 2595 pertulisset,
1021 2533 1060 2576 nc
1086 2511 1179 2575 alicui
1201 2509 1241 2572 ad
1264 2533 1333 2578 rem

301 2615 462 2706 publicam
483 2615 720 2700 gubernandam
745 2616 898 2682 accedere
918 2616 1167 2700 permitteretur,
1196 2617 1256 2684 nisi
1277 2617 1332 2702 qui

302 2735 438 2808 utroque
455 2733 588 2807 parente
603 2723 776 2806 civenatus
794 2733 874 2785 esset
883 2723 928 2807 (ἐξ
939 2717 1033 2810 ἁφοῖν
1044 2720 1193 2808 ὑπάρχων
1202 2717 1330 2808 ἀστῶν),

301 2830 420 2898 factum
444 2841 557 2910 est‚·ut
579 2829 672 2896 huius
693 2831 771 2914 legis
791 2830 933 2898 severior
954 2831 1094 2898 conditio
1118 2841 1212 2916 atque
1226 2831 1351 2902 divina*

301 2938 379 3006 ultio
411 2939 486 3024 legis
515 2961 675 3006 suasorem
696 2938 828 3004 maxime
848 2950 1019 3024 premeret,
1051 2940 1104 3023 qui
1126 2939 1241 3018 amissis
1260 2939 1331 3004 filiis

301 3045 446 3128 legitimis
469 3068 559 3112 sunm
582 3045 676 3134 ipsius
699 3045 817 3124 filium,
846 3044 1103 3132 quandoquidem
1121 3045 1235 3107 nothus
1252 3055 1331 3123 erat,

230 3146 234 3157 '
301 3149 479 3233 imperandi
512 3153 580 3219 iure
611 3153 748 3237 privavit
775 3152 905 3234 (delion.
936 3155 1012 3222 Var,
1041 3151 1119 3214 Hist.
1156 3155 1210 3215 Vl.
1232 3137 1330 3233 esna.

221 3289 224 3306 =
301 3249 409 3322 schol.
431 3259 470 3320 ad
491 3257 615 3324 Platon.
637 3263 758 3326 Menex.
780 3283 812 3347 p.
837 3263 927 3348 adp).
970 3259 1082 3321 Talem
1102 3281 1171 3322 rem
1192 3259 1331 3326 habebat

299 3362 439 3428 Pericles
471 3387 545 3431 cum
576 3367 715 3456 Aspasia,
750 3389 810 3450 pro
837 3389 898 3456 qua
927 3365 1054 3450 publice
1076 3387 1202 3428 causam
1224 3367 1330 3429 dicens

300 3471 370 3558 plus
402 3471 625 3557 lacrymarum,
655 3497 749 3558 quam
780 3495 842 3558 que
872 3483 1016 3556 tempore
1037 3472 1103 3557 ipse
1126 3473 1212 3540 vitae‘
1229 3475 1332 3542 semu,

301 3600 476 3664 uarumque
499 3581 680 3664 periculum
703 3581 826 3657 adierit,
852 3580 1029 3667 profudisse
1061 3580 1187 3646 dicitur.
1228 3581 1330 3644 Porro

299 3683 479 3752 Athenaeus
502 3690 587 3754 xlll.
610 3711 642 3772 p.
666 3692 735 3765 tto,
766 3689 821 3754 ubi
843 3687 881 3778 de
902 3687 1029 3770 Aspasia
1051 3686 1180 3771 aliisque
1201 3687 1331 3749 Periclis

301 3792 423 3860 amasiis
446 3792 596 3878 disputet,
616 3805 726 3859 narrat
746 3795 915 3875 Periclem,
936 3818 1033 3880 quum
1044 3797 1154 3857 Cimon
1169 3795 1332 3879 Elpinioae

299 3897 405 3962 sorori
436 3897 510 3966 suae
540 3901 743 3966 matrimonio
769 3923 883 3984 parum
914 3901 1054 3988 legitimo
1080 3903 1203 3964 iunctus
1225 3901 1334 3972 fuisset

300 4003 416 4096 illaque
448 4005 565 4076 Calliae
595 4017 675 4076 esset
702 4006 835 4086 elocuta,
867 4010 1024 4094 cumipse
1047 4011 1079 4070 in
1102 4011 1228 4074 exilium
1252 4020 1333 4078 esset
