2846 4788
679 389 724 406 ·-
779 361 847 428 100
895 336 947 402 -'

307 553 340 606 et
359 544 489 628 trigonis
509 551 545 606 nt
565 539 619 614 illa
641 542 795 606 Athenaei
816 563 853 605 ex
873 550 981 604 nostra
1002 537 1113 650 fabula¹
1128 536 1256 604 laudata
1275 541 1339 605 de-

205 715 208 720 .
305 661 480 714 monstrant
500 651 554 716 lV.
574 673 606 734 p.
631 654 697 716 138.
717 651 771 710 R:
873 721 875 728 Ι

465 749 519 832 Ὃς
540 757 643 832 καλῶς
662 755 720 836 μὲν
739 752 920 836 τυμπανίζει

463 861 533 930 Καὶ
551 859 716 942 διαψάλλει
735 858 903 946 τριγώνοις.

302 972 451 1034 Coronae
473 973 506 1034 in
530 971 689 1056 sacrificiis
709 971 841 1032 usitatae
861 970 981 1031 mentio
1007 969 1043 1030 fit
1065 967 1150 1053 apud
1172 989 1335 1052 gramma-

300 1079 406 1141 ticum
431 1080 465 1140 in
493 1079 626 1141 Belkeri
656 1077 774 1140 Anecd.
807 1079 862 1138 Gr.
883 1099 915 1162 p.
937 1095 1010 1161 477.
1030 1079 1059 1140 6.
1112 1075 1335 1139 Vehementer

298 1197 444 1272 potatum
465 1207 531 1250 esse
554 1186 717 1248 declarant
736 1186 770 1245 hi
790 1206 914 1247 versus:

377 1287 474 1356 'Alt’'
489 1293 641 1372 ἐξομελεῖς
661 1315 699 1370 με
719 1291 772 1354 voi
789 1295 834 1370 μὰ
854 1295 910 1372 τὴν
934 1284 1124 1374 ἀμυγδαλῆν,

301 1400 386 1482 apud
416 1399 540 1460 Aelium
570 1396 891 1481 Η111011111111111;περ1
916 1419 988 1480 μον.
1018 1394 1080 1474 λέξ.
1108 1397 1139 1458 in
1174 1395 1327 1459 Dindorf.

300 1508 487 1568 Grammatt.
516 1507 572 1566 Gr.
595 1511 695 1585 614.
720 1513 753 1566 et

374 1607 505 1676 Ἀνόσια
527 1609 638 1694 πάσχω
660 1613 767 1690 ταῦτα,
790 1610 843 1674 voi
861 1613 908 1692 μὰ
927 1613 983 1686 τᾶς
1005 1606 1153 1696 Νὐμφας,

378 1721 505 1784 Πολλοὶ
523 1719 582 1802 μὲν
607 1712 663 1784 οὖν
684 1719 798 1798 δίκαια,
819 1717 872 1783 rol
888 1721 934 1799 μὰ
953 1721 1009 1801 τῆν
1031 1709 1183 1802 κράμβήν.

295 1825 409 1887 Athen.
430 1829 485 1888 lX.
509 1835 578 1911 ³7⁰·
599 1816 636 1888 B.
653 1828 805 1889 Priscian.
822 1827 861 1890 de
875 1835 967 1887 metr.
984 1827 1111 1887 comicis
1123 1850 1155 1910 p.
1169 1830 1254 1890 1328.
1277 1845 1325 1890 12.

296 1933 347 1994 ed.
368 1935 497 1994 Putsch.
521 1945 553 1996 et
568 1934 640 1995 illae
656 1931 792 2016 denique
810 1933 1050 1996 exclamationes
1062 1933 1156 1996 ebriis
1170 1933 1326 1996 usitatae:

539 2034 629 2118 Elui,
650 2038 768 2121 σαβὰι]

294 2146 338 2207 Io.
368 2145 568 2208 Alexandrin.
605 2149 719 2210 Τονικά
746 2145 993 2232 παραγγέλματα.
1026 2149 1075 2211 ed.
1101 2147 1248 2210 Diodori.
1272 2153 1323 2214 36.

294 2257 343 2316 16.
386 2253 592 2316 Comoediam
613 2277 690 2317 vero
718 2257 908 2339 completam
927 2259 1019 2318 fuisse
1042 2257 1175 2318 cuiusvis
1197 2257 1322 2339 generis

291 2352 415 2441 flagitiis
430 2361 607 2424 declarant
634 2361 714 2424 haec
743 2363 827 2445 apud
858 2365 1032 2424 Lucianum
1055 2364 1174 2426 advers.
1199 2365 1320 2425 indoct.

292 2485 321 2525 c.
342 2487 390 2548 27.
413 2471 450 2528 T.
473 2471 525 2528 Ill.
548 2493 580 2552 p.
605 2489 671 2532 111.
695 2471 746 2532 ed.
764 2471 869 2531 Reitz:
897 2473 960 2534 Τῠν
980 2469 1014 2535 δὲ
1024 2465 1253 2556 Ἀριστοφάνην
1266 2470 1322 2532 καί

290 2571 348 2633 τόν
382 2565 520 2635 Εὔπολιν
549 2571 756 2657 ὑποὸ“ἐ(1υκας;
796 2572 928 2660 ἀνέγνως
965 2575 1019 2640 καί
1043 2583 1099 2654 τὰς
1122 2574 1251 2649 Βάπτας
1278 2579 1317 2638 τό

291 2677 396 2758 δρᾶμα
427 2672 520 2760 ὅλως
549 2673 603 2744 εἶτ’
626 2677 716 2746 οὐδέν
736 2705 788 2770 cop
809 2678 899 2746 τάκεῖ
915 2683 1056 2749 antitheto
1078 2678 1147 2748 οὐδ’
1167 2676 1321 2766 ἠρυθρία.

291 2807 349 2860 σας
368 2781 523 2871 γνώρισας
543 2781 640 2868 αὐτάς

370 2895 405 2955 In
434 2895 539 2979 Raptis
569 2895 726 2960 Chaereas
752 2899 1024 2982 perstringebatur
1045 2899 1161 2978 (Schol.
1185 2897 1226 2959 ad
1246 2898 1319 2958 Ari-

244 2989 250 3000 ’
288 2997 390 3085 steph.
417 3003 512 3086 Vesp.
541 3007 623 3081 685.)
657 3014 689 3067 et
721 3005 908 3084 Alcibiades,
941 3008 1028 3067 cuius
1049 3009 1113 3068 vita
1134 3008 1317 3068 inconstans

287 3120 320 3169 et
342 3109 502 3192 impietate
523 3109 686 3193 inquinata
705 3113 777 3172 satis
799 3121 874 3172 nota
896 3122 942 3173 est
963 3134 998 3172 ex
1015 3111 1178 3172 Plutarchi
1196 3111 1318 3172 descri-

286 3215 406 3296 ptione.
447 3220 548 3279 Locos
569 3220 682 3280 multos
700 3220 827 3304 collegit
844 3221 1020 3282 Boechhius
1035 3222 1065 3280 in
1082 3221 1181 3281 libro:
1195 3219 1317 3282 staats-

284 3321 439 3384 haushalt.
462 3323 519 3383 dcr
540 3323 681 3386 Atlrcner
701 3327 723 3386 l.
745 3350 777 3410 p·
798 3333 868 3392 315.
892 3327 939 3388 cl.
962 3327 1074 3389 Athen.
1100 3327 1168 3387 XII.
1191 3349 1222 3408 p.
1242 3332 1313 3408 334.

283 3429 428 3490 slnsanam
458 3431 523 3490 cius
553 3430 717 3493 libidinem
748 3435 871 3494 cornico
901 3434 964 3496 Sale
992 3435 1158 3519 perfricuit
1179 3435 1313 3518 Eupolis

282 3536 316 3594 in
338 3535 494 3598 Parasitis.
516 3537 629 3598 Athen.
655 3541 974 3610 xl1.535.A,Plut.
996 3541 1096 3603 Alcih.
1119 3563 1147 3602 c.
1168 3545 1254 3604 Xlll.

361 3639 485 3704 Pericle
517 3663 650 3704 summas
681 3646 729 3706 rei
751 3645 898 3728 publicae
920 3648 1157 3710 Atheniensium
1178 3653 1313 3714 tenente

280 3747 399 3808 semina
421 3749 566 3810 interitus
589 3761 620 3814 et
640 3753 795 3836 perniciei
816 3775 934 3838 sparsa,
962 3766 1034 3818 orto
1053 3757 1140 3818 bello
1167 3758 1312 3841 Pelopo-

279 3854 406 3916 nesiaco
438 3866 629 3942 mortuoque
657 3860 781 3922 Pericle
809 3861 911 3945 ipsum
931 3864 1312 3947 fructumprotulerunt.

277 3957 481 4023 Athenienses
509 3975 600 4026 antea
618 3967 758 4027 victoriis
783 3968 958 4030 clarissimis
980 3981 1067 4032 terra
1088 3973 1233 4054 marique
1256 3996 1314 4037 re-

276 4067 409 4152 portatis
437 4067 572 4132 illustres
592 4079 623 4132 et
644 4069 755 4154 opibus
774 4071 916 4158 undiquc
934 4075 1072 4138 collectis
1089 4085 1210 4139 tantam
1228 4077 1314 4143 divi-
