2846 4788
675 341 918 412 ..90-

289 547 432 612 pressum
454 533 508 588 aut
532 535 719 610 corruptum
741 505 916 588 existimare
936 525 1019 591 velis.
1068 525 1152 606 Tota
1180 535 1320 588 restam

293 633 426 696 difficilis
448 642 495 694 est
515 605 548 694 el
568 632 696 697 diversis
718 634 915 695 diversorum
935 633 1121 694 testimoniis
1138 625 1320 711 obscurato,

292 751 329 802 ut
350 741 500 816 dubitem,
525 740 602 822 quin
624 739 735 824 aliquis
757 738 900 801 discussis
924 739 1046 800 nebulis
1061 739 1132 800 luce
1146 739 1218 800 satis
1233 739 1321 800 clara

292 845 374 908 banc
405 845 653 930 disquisitionem
684 847 828 908 illustret.
881 845 963 906 Nihil
994 867 1068 907 sane
1096 855 1163 908 tam
1190 845 1322 907 difficile

294 966 350 1031 est,
371 956 448 1037 quin
469 953 652 1036 quaerendo
673 954 770 1035 possit
795 953 991 1034 investigari3
1013 952 1075 1012 hoc
1097 962 1243 1034 tempore
1258 951 1321 1011 dis-

294 1070 420 1143 ruptus,
437 1061 476 1120 sit
496 1058 609 1137 nodus,
631 1059 692 1120 alio
712 1059 844 1120 fortasse
866 1059 1013 1120 solvetur.
1065 1058 1213 1140 Eupolim
1234 1080 1322 1118 mor-

294 1178 386 1227 tuum
416 1188 481 1228 esse
512 1186 618 1227 versus
650 1167 745 1226 finem
770 1166 847 1240 belli
864 1165 1124 1250 Peloponnesiaci
1147 1173 1323 1224 assecutum

296 1273 438 1332 nondum
472 1283 608 1334 aetatem
638 1272 728 1332 nimis
757 1282 952 1354 provectam,
984 1271 1163 1332 testimonia
1184 1270 1323 1331 chrono-

198 1396 201 1405 ‘
244 1403 247 1419 ¹
296 1363 399 1463 ldgica
419 1389 564 1440 veterum
586 1379 783 1440 confirmant.
815 1379 940 1440 Floruit
960 1379 1043 1460 enim
1063 1377 1323 1460 circaOlympia-

298 1485 372 1545 dem
402 1485 646 1567 octoagesimam
676 1495 820 1547 octavam
849 1494 881 1547 et
910 1485 1028 1546 iuvenis
1058 1483 1174 1546 dicitur
1202 1483 1323 1544 fabulas

298 1589 442 1652 docuisse
464 1591 496 1651 in
520 1611 623 1652 scena.

380 1701 595 1786 interpretum
614 1696 778 1781 Eupolidis
800 1695 902 1758 nullus
917 1705 1185 1758 commemoratur
1196 1705 1325 1778 praeter

299 1805 466 1883 Galenum,
498 1804 552 1888 qui
581 1827 614 1866 se
644 1803 743 1864 libros
773 1813 838 1866 tres
862 1803 925 1866 τῶν
946 1807 1018 1884 παρ’
1038 1796 1326 1876 Εὖπὸλιδᾳπολιτι.

300 1912 365 1973 κῶν
385 1905 547 1991 ὀνομάτων
571 1909 784 1994 composuisse
806 1910 871 1993 ipse
896 1919 1030 1972 testatur
1058 1913 1122 1986 (De
1142 1909 1229 1982 libris
1248 1929 1327 1992 pro-

299 2019 377 2100 priis
398 2016 430 2076 in
453 2018 506 2078 fin.
529 2016 588 2078 Ed.
610 2017 664 2078 lat.
685 2017 776 2079 Basil.
797 2019 834 2078 Τ.
858 2018 881 2079 Ι.
902 2038 934 2101 p.
956 2007 1034 2098 ia).
1080 2069 1081 2072 ,

383 2125 418 2185 ln
446 2143 591 2186 sermone
618 2123 783 2209 Eupolidis
804 2147 917 2208 magna
939 2123 1133 2208 conspicitur
1152 2123 1208 2198 vis,
1230 2122 1327 2184 subli-

300 2231 391 2294 mitas
420 2241 452 2294 et
479 2233 728 2316 magnificentia;
757 2233 942 2294 imitabatur
972 2231 1146 2308 Cratinum,
1175 2230 1218 2290 ita
1238 2250 1326 2306 vero,
1417 2275 1418 2288 ,

302 2349 338 2398 ut
359 2339 425 2399 eius
448 2341 647 2408 atrocitatem
668 2349 700 2400 et
724 2339 755 2400 in
778 2338 989 2400 conviciandis
1010 2339 1246 2400 Atheniensium
1258 2357 1328 2396 mo-

302 2444 389 2504 ribus
411 2446 612 2506 severitatem
641 2446 688 2530 (rb
712 2443 856 2528 iolitanae
877 2445 930 2509 καί
953 2442 1074 2527 σκαιὸν)
1095 2444 1170 2505 iocis
1191 2442 1298 2504 multil
1314 2479 1329 2492 -

302 2549 358 2624 piis
381 2559 414 2610 et
429 2550 562 2610 ridendo
583 2551 747 2633 paululum
761 2552 886 2629 leniret,
900 2573 1051 2634 suumque
1066 2551 1221 2633 impetum
1232 2549 1265 2608 in
1283 2549 1330 2608 vi·
1417 2603 1418 2608 ,

304 2674 357 2716 ros
384 2655 617 2739 potentissimos
647 2657 858 2718 imminueret.
911 2657 1087 2741 Propterea
1117 2678 1238 2718 summa
1258 2677 1331 2716 cum

305 2762 470 2844 voluptate
494 2761 679 2844 comoediae
700 2762 927 2824 lectitabantur
947 2773 1040 2848 atque
1060 2763 1245 2825 Ptolemaeo
1266 2762 1331 2824 He-

303 2867 499 2950 phaestionis
516 2867 581 2930 filio
602 2877 681 2931 teste
702 2871 894 2953 suppositam
916 2872 1011 2946 capiti
1021 2871 1184 2956 Eupolidis
1203 2890 1333 2930 comoe-

306 2974 400 3051 diam,
424 2997 504 3058 quae
522 2969 760 3060 Ὕβριστοδήςαι
779 2977 1021 3058 inscribebatur,
1042 2977 1203 3062 Ephialtes
1218 2975 1332 3037 nobilis

304 3083 512 3161 Atheniensis,
535 3106 609 3146 cum
630 3095 821 3163 moreretur,
846 3085 991 3147 habuisse
1013 3085 1130 3147 dicitur
1148 3084 1257 3164 (Phot.
1281 3086 1334 3143 Bi-

304 3188 417 3250 hlioth.
448 3195 515 3254 151·
546 3187 585 3257 a(
605 3213 653 3256 ιι.
683 3191 733 3258 cd.
753 3191 910 3270 Bellen).
951 3193 1062 3254 ‘Porro
1080 3211 1186 3254 versus
1202 3189 1335 3252 'Horatii

307 3293 372 3354 Sat.
396 3296 435 3355 ΙΙ.
460 3301 489 3359 3.
514 3319 560 3360 ιι.

388 3402 549 3478 Quorsum
568 3405 723 3486 pertinuit
742 3405 858 3490 stipare
879 3405 1013 3467 Platona
1035 3403 1222 3482 Menandro,
1247 3419 1252 3426 ·

387 3508 536 3592 Eupolim
556 3511 792 3590 Archilochum,
814 3513 943 3574 comites
967 3513 1103 3575 educere
1127 3514 1253 3574 tantos?

307 3613 485 3677 luculenter
508 3616 734 3697 demonstrant,
747 3630 879 3702 quantus
890 3621 987 3682 fuerit
1000 3631 1108 3682 noster
1119 3629 1225 3702 poeta,
1241 3639 1339 3702 qnem

306 3729 440 3803 propter
467 3722 627 3784 classicam
658 3727 841 3809 dignitatem
870 3727 902 3787 in
924 3729 1088 3790 comoedia
1110 3729 1239 3816 antiqua
1259 3750 1340 3810 prae

309 3826 423 3888 ceteris
455 3827 575 3890 clarum
606 3831 856 3916 exbibetpoeta
883 3834 1070 3912 Venusinus,
1100 3835 1144 3906 ita
1171 3845 1281 3896 tamen
1306 3845 1344 3894 nt

309 3939 413 3993 tantos
434 3936 562 3996 comites
584 3959 649 3998 non
674 3939 713 4000 de
736 3961 847 4002 eorum
869 3942 978 4024 amplis
998 3942 1221 4019 voluminibus,
1242 3965 1343 4026 quarn

308 4039 412 4120 potius
436 4039 475 4103 de
496 4042 608 4127 insigni
630 4047 818 4110 auctoritate
839 4047 1014 4133 intelligere
1035 4050 1188 4114 videatur.
1244 4053 1344 4119 Prio·
