2814 4784
724 341 966 408 ...32-

333 547 419 598 num,
452 534 487 584 ut
515 524 627 607 passim
659 523 804 607 exemplis
833 523 1049 606 probatianum
1080 529 1247 606 praeterea
1279 543 1365 584 vero

334 631 449 695 adiecit
469 630 547 691 haec
566 629 664 692 verba
683 653 712 692 v.
735 633 805 696 528·
894 617 899 630 ⁵

413 739 481 803 νσνί
500 738 529 799 δ’
548 733 636 816 ὑμεῖς’
656 730 751 800 adria
771 732 902 820 δρῶντες
921 734 1149 819 παραληροῦντ’
1170 728 1227 798 otiu
1246 735 1363 800 ἐλεεῖτε

411 844 627 910 ἐκπιπτουσῶν
655 845 718 906 τῶν
748 837 903 926 ἠλέκτρων
934 840 996 906 καὶ
1014 842 1072 905 τοῦ
1100 837 1195 909 τόνου
1227 837 1285 906 οὐκ
1318 839 1363 908 ἔτ’

975 945 1096 1024 ἐνόντος
1137 1007 1139 1012 .

410 1057 473 1120 τῶν
492 1057 528 1119 θ’
550 1051 707 1138 ἁρμονιῶν
729 1056 972 1136 διαχασκουσῶν
993 1092 1034 1108 --

331 1162 575 1248 Aristophanem
606 1163 638 1222 in
666 1162 713 1222 bis
735 1163 876 1223 versibus
899 1161 1085 1244 metaphora
1110 1183 1200 1224 usum
1221 1183 1286 1224 esse
1311 1173 1360 1224 at-
1389 1153 1390 1156 Ἴ

330 1287 393 1354 (fue
423 1271 589 1328 Cratinum
621 1267 694 1328 inde
718 1268 914 1345 diiudicasse‚
942 1269 1154 1352 unusquisque
1175 1269 1277 1351 primo
1302 1270 1359 1329 ad·
1389 1305 1390 1356 j

329 1384 441 1457 spectu
462 1373 618 1455 intelligit,
641 1375 782 1456 quaestio
807 1385 922 1452 autem,
944 1375 1028 1436 uude
1041 1375 1123 1435 hanc
1137 1372 1358 1457 metaphoram

331 1481 486 1556 sumserit,
517 1479 714 1541 difficultates
740 1482 884 1566 parauit,x
902 1504 978 1565 quas
1007 1481 1066 1546 viri
1089 1480 1174 1540 docti
1194 1480 1281 1540 varia
1305 1505 1357 1541 ra-

328 1588 416 1647 tione
440 1585 580 1648 adbibita
602 1609 766 1650 removere
780 1589 987 1648 conabantur.
1029 1588 1144 1648 Versus
1163 1587 1267 1647 obiter
1279 1608 1356 1667 per-

329 1693 505 1776 legentibus
540 1693 573 1753 in
603 1704 744 1754 mentem
763 1673 868 1756 statim
886 1702 1020 1754 venerat
1040 1691 1226 1776 metaphora
1248 1690 1287 1750 de
1310 1693 1356 1752 in-

329 1809 504 1859 strumento
530 1800 662 1872 musico,
692 1800 778 1882 quod
809 1801 886 1860 olim
916 1800 1127 1882 praeclarum,
1157 1821 1240 1860 nunc
1268 1811 1357 1860 vetus

330 1915 362 1966 et
383 1906 560 1967 obsoletum
580 1906 758 1968 labantibus
780 1907 884 1982 clavis,
906 1905 1031 1968 chordis
1050 1906 1260 1966 diffinientibus
1283 1906 1356 1966 har-

328 2012 499 2094 moniaque
529 2011 693 2073 fatiscente
716 2013 793 2072 nihil
813 2011 925 2072 valeat.
977 2012 1018 2072 At
1038 2032 1111 2070 cum
1133 2010 1173 2070 ad
1194 2012 1287 2072 aliam
1309 2034 1358 2072 ex-

327 2119 533 2202 plicationem
547 2119 721 2180 Scholiasta
742 2120 887 2202 refugiat,
909 2119 1093 2202 singulaque
1109 2107 1274 2194 vocabula;
1291 2120 1357 2201 qui-

327 2225 386 2285 bus
409 2224 635 2307 Aristophanes
654 2227 770 2303 utitur,
788 2248 883 2308 saepe
906 2225 1065 2307 duplicem
1081 2225 1144 2284 vim
1161 2233 1193 2284 et
1206 2225 1357 2306 significa·

326 2333 445 2392 tionem
486 2333 671 2412 praebeant,
702 2321 823 2412 gaudeo
862 2332 1071 2412 interpretem
1101 2331 1267 2406 invenisse,
1303 2333 1355 2412 qui

326 2461 440 2520 magno
460 2459 515 2496 suo
538 2437 692 2513 acumine,
715 2449 751 2497 ut
772 2440 863 2515 solet,
884 2438 966 2506 barse
989 2450 1088 2506 totam
1110 2461 1178 2500 reru
1200 2439 1240 2500 ad
1261 2440 1353 2522 liqui-

329 2543 405 2604 dum
432 2542 613 2625 perduxisse
640 2543 775 2602 videtur.
826 2543 952 2604 Scilicet
984 2555 1031 2606 est
1060 2546 1279 2624 Buttmaunus‚
1305 2547 1354 2628 qui

328 2651 361 2709 in
392 2648 659 2710 commentatione
690 2647 774 2728 apud
805 2648 862 2714 Cll.
886 2649 1005 2712 sodales
1027 2651 1214 2712 Academiae
1236 2653 1356 2712 bereli-

330 2757 432 2818 nensis
453 2755 625 2838 praelecta,
654 2763 797 2814 nostrum
820 2754 924 2815 locum
946 2757 989 2816 ita
1012 2757 1125 2840 tetigit,
1148 2766 1183 2817 ut
1206 2779 1357 2818 summam

326 2861 658 2944 huiusdisputationis
682 2847 822 2921 breviter
844 2873 989 2944 repetere
1014 2863 1076 2924 hoc
1102 2865 1173 2924 loco
1196 2885 1233 2924 eo
1257 2865 1356 2946 aptius

327 2973 484 3044 videatur,
507 2990 570 3050 quo
593 2967 693 3027 rarius
716 2966 890 3050 divulgatae
913 2980 985 3030 sunt
1006 2969 1195 3032 Academiae
1213 2972 1359 3033 scicntia-

326 3103 398 3140 rum
419 3068 631 3140 berolinensis
652 3075 921 3157 praeclarissimae
945 3080 1282 3154 commentationem).
1317 3083 1357 3140 Ei·

330 3186 672 3252 verbisianmwaoair
691 3188 754 3252 sair
774 3183 930 3274 ἠλέκτρων
948 3191 1053 3251 statim
1074 3191 1261 3274 intelligitur
1282 3214 1359 3275 poe-

328 3306 394 3356 tam
417 3293 455 3356 de
480 3283 675 3379 supellectili
693 3296 768 3364 olim
787 3298 859 3357 satis
880 3297 1047 3380 praeclara
1068 3319 1152 3358 nunc
1167 3300 1358 3360 ornamentis

328 3405 452 3488 privata
481 3405 647 3488 cogitasse:
679 3425 752 3464 curn
779 3425 857 3465 vero
888 3404 1001 3464 eodem
1022 3414 1064 3466 .et
1085 3414 1234 3488 sequente
1266 3428 1359 3467 versu

328 3513 383 3573 τόν
402 3507 494 3574 τὰνον
515 3524 608 3597 atque
630 3514 687 3584 τὰς
707 3506 867 3594 ἁρμονίας,
894 3511 1049 3571 vocabula
1079 3511 1119 3574 ad
1141 3521 1243 3572 artem
1266 3513 1362 3574 musi-

398 3689 426 3760 Ἴ
442 3689 578 3762 Inscripta
599 3663 640 3746 esi
657 3673 819 3744 Buttmadni
833 3690 1041 3744 commentatio:
1054 3687 1146 3745 Ueher
1160 3689 1207 3742 das
1219 3689 1364 3756 Electren,

326 3785 427 3838 insana
446 3784 486 3836 illi
505 3785 578 3854 parti
594 3785 853 3836 commentationum
873 3781 1033 3834 Academiae
1047 3781 1163 3835 Berolin.
1184 3783 1229 3834 cui
1249 3785 1366 3834 titulus:

329 3872 550 3953 Abhandlungen
573 3875 622 3928 der
646 3871 1031 3944 historisch-philologischen
1058 3874 1153 3926 Klasse
1178 3871 1226 3925 der
1253 3876 1365 3944 Ksnigt.

331 3965 441 4020 Preuss.
467 3966 552 4020 Acad.
578 3965 628 4022 der
650 3963 826 4020 Wisseusch.
846 3981 893 4017 asts
913 3965 965 4018 den
985 3965 1251 4036 Jahren1818-19·
1273 3987 1306 4038 p.
1329 3967 1367 4034 45.

332 4077 393 4130 sqq.
