2846 4788
697 305 962 378 -tod-

316 492 357 548 At
392 509 432 548 ne
470 487 551 550 bane
585 487 714 574 quidem
747 488 1001 552 emendationem
1030 485 1169 572 probare
1201 483 1344 568 equidem
1403 513 1404 572 3

316 615 453 678 possum,
470 616 560 658 cum
582 615 646 656 non
670 596 822 658 credibile
841 595 891 673 sit,
913 594 1064 679 parasitos
1086 593 1182 676 pallia
1204 613 1258 652 suu
1280 613 1345 650 om-

318 705 368 768 uia
399 681 506 766 secum
552 703 583 764 in
602 723 708 776 ¹scena
736 713 878 787 portasse
912 711 944 763 et
974 699 1120 766 distincte
1151 697 1343 758 auditoribus

317 791 508 878 ostendisset
534 807 634 870 altero
662 808 769 891 potius
797 807 900 872 induti
927 815 1010 884 stant,
1032 805 1094 866 duo
1117 807 1148 866 in
1169 791 1346 866 uniuersum

315 936 348 975 se
363 913 528 996 possidere
542 924 803 976 commemorant.
830 915 916 986 Haec
927 912 1083 974 sententia
1096 932 1135 972 eo
1149 912 1246 994 magis
1262 934 1343 972 conr-

313 1020 494 1085 mendandu
510 1021 646 1097 videtur,
661 1043 759 1106 quum
775 1020 977 1082 statuendum
994 1030 1040 1082 est
1057 1018 1265 1098 hauddubie,
1283 1040 1343 1079 sce-

315 1151 389 1190 nam
408 1129 505 1192 fuisse
526 1125 559 1190 in
581 1127 664 1204 foro,
693 1126 842 1189 videlicet
863 1148 901 1188 ea
921 1126 1006 1202 sede,
1044 1147 1138 1211 quam
1167 1147 1227 1208 per·
1246 1136 1342 1188 totum

316 1234 401 1296 diem
420 1243 605 1318 presserunt
618 1232 759 1314 parasiti,
778 1231 853 1294 inde
870 1232 1114 1293 circumlorunci
1133 1231 1227 1303 dicti;
1249 1234 1341 1293 altero

313 1341 411 1424 pallio
435 1339 562 1400 indutos
583 1340 690 1400 forum
709 1359 742 1400 se
765 1347 876 1420 petere
898 1337 957 1420 ipsi
978 1339 1167 1398 confirmant
1187 1359 1282 1398 versu
1303 1359 1341 1398 se-

312 1446 426 1528 ptimo.
489 1440 621 1508 Touleous
650 1454 697 1506 est
720 1453 889 1528 praeterea
910 1443 1004 1505 lectio
1028 1444 1170 1504 omnium
1191 1444 1341 1523 codicum,

315 1575 409 1637 quam
440 1573 534 1636 aegre
553 1550 711 1636 relinquo.
1263 1547 1269 1555 ’

395 1657 594 1742 Hyperbolus
623 1658 774 1740 pessimus
802 1656 898 1718 homo
927 1667 959 1720 et
987 1656 1241 1742 flagitiosissimus
1274 1657 1341 1716 ciuis

313 1786 349 1832 er
373 1764 481 1828 infimo
504 1764 577 1826 loco
599 1763 729 1826 tandem
751 1774 798 1826 est
815 1785 951 1826 summos
972 1764 1110 1826 honores
1124 1765 1254 1848 adeptus
1272 1767 1341 1844 (be-

312 1869 386 1928 lian.
410 1869 486 1931 Ver.
514 1871 594 1930 Hist.
618 1872 688 1932 Xll.
710 1873 772 1949 3.);
794 1870 855 1933 tuit
875 1871 960 1933 enirn
974 1870 1340 1953 lepronctdgfflristopb.

286 1967 391 2044 dub.
431 1980 518 2058 1064.
548 1975 609 2059 Eq.
645 1981 732 2042 1301·
765 1975 860 2060 Vesp.
896 1980 1009 2053 roco),
1030 1987 1103 2059 post
1127 1977 1278 2037 Cleonem
1300 1975 1341 2036 rei

311 2080 459 2164 publicae
488 2083 711 2167 gubernationi
741 2082 886 2144 admotus
916 2084 1006 2164 (Pac.
1029 2087 1116 2158 sto.)
1139 2095 1233 2168 atque
1256 2096 1340 2146 antea

311 2189 463 2252 obscurus
488 2189 579 2268 (Nub.
602 2194 670 2272 592·
696 2195 781 2271 624.)
798 2211 920 2272 magna
939 2191 1129 2253 auctoritate
1152 2191 1251 2252 valuit
1263 2190 1342 2276 apud

310 2297 529 2362 Athenienses.
575 2295 707 2380 Eupolis
739 2305 775 2358 ut
806 2295 970 2358 scelestam
991 2297 1089 2356 vitam
1111 2297 1177 2358 eius
1198 2299 1270 2360 satis
1294 2321 1341 2360 ac-

290 2415 293 2424 ’
312 2412 421 2478 curate
443 2401 630 2486 depingeret
652 2401 851 2486 comoediam
873 2403 999 2486 scripsit
1019 2405 1185 2480 Maricam,
1208 2427 1341 2490 eumque

309 2507 368 2566 snb
391 2506 484 2568 huius
506 2509 640 2571 nominis
658 2530 796 2592 persona
817 2509 850 2570 in
872 2530 999 2572 scenam
1024 2493 1146 2570 induxit
1165 2510 1286 2588 (Schol.
1305 2510 1343 2571 ad

308 2611 469 2694 Aristoph.
491 2613 573 2674 Nub.
596 2617 665 2678 553.
689 2618 758 2698 591.
789 2614 953 2680 Plutarch·
976 2614 1042 2676 Nic.
1067 2637 1095 2676 c.
1118 2633 1148 2695 4.
1176 2615 1282 2678 Scluol.
1306 2617 1342 2678 ad

307 2714 468 2804 ¹bristoph.
490 2717 571 2780 Run.
595 2719 693 2802 677.).
735 2718 890 2780 Maricam
917 2719 1148 2805 interpretatur
1168 2721 1337 2808 Hesychius

287 2822 471 2888 'Ks‘vcsdov'
506 2819 537 2888 oi
565 2821 601 2887 δὲ
619 2819 821 2908 ὑποκόρισμα
839 2825 964 2889 παιδίου
985 2819 1118 2911 ἄρρενος
1138 2831 1342 2916 βαρβαρικοῦ.

308 2931 523 3009 Quintilianus
553 2933 628 2996 lnst.
659 2953 707 2994 or.
737 2933 760 2994 l.
789 2953 837 2996 ιο.
859 2955 890 3017 p.
916 2939 984 2998 106.
1008 2934 1057 2997 ed.
1081 2935 1189 2998 Burm.
1211 2946 1342 2998 testatur

306 3038 461 3100 Maricam
490 3039 637 3102 confiteri
664 3039 750 3122 apud
778 3039 928 3128 Eupolim
958 3041 1091 3108 nihilse
1112 3043 1193 3122 scire
1215 3065 1252 3104 er
1275 3066 1343 3106 mu-

308 3142 378 3204 sicis
397 3143 459 3204 nisi
481 3144 618 3218 litteram
650 3145 790 3208 Maricae
812 3130 941 3209 nomine
965 3169 1043 3210 vero
1065 3150 1255 3233 exagitatum
1279 3170 1342 3214 essa

307 3249 542 3336 Hyperbolum,
559 3249 732 3329 hominem,
755 3250 844 3314 cuius
866 3252 1103 3336 improbitatem
1123 3265 1247 3319 veteres
1263 3258 1342 3318 Atti-

308 3379 420 3422 corum
441 3355 627 3422 comoediae
649 3357 821 3442 praecipue
842 3369 996 3424 notarunt
1017 3339 1340 3440 (Cie.·⁴B1·ut.e.6ul

307 3457 343 3528 ex
375 3465 423 3526 his
453 3461 672 3550 Aristophanis
701 3456 842 3540 versibus
872 3465 1058 3550 intelligitur
1081 3469 1171 3554 (liuh.
1195 3472 1266 3554 547·
1295 3470 1342 3534 ed.

307 3571 452 3648 Hermia
783 3627 785 3634 s
1210 3653 1213 3658 Ι

388 3667 487 3766 Οὗτοι
507 3675 551 3753 d',
570 3669 614 3750 ὥς
637 3659 720 3752 sina}
734 3659 920 3760 παρέδονκον
943 3680 1041 3761 λαβὴν
1055 3674 1265 3766 εΥπὲρβολος,

386 3779 501 3844 τοῦτον
523 3776 660 3844 δείλαιον
682 3782 850 3866 uotsrpsio’
875 3776 933 3864 eisd,
954 3784 1009 3848 καί
1029 3790 1086 3870 τὴν
1110 3789 1243 3872 μητέρα.

390 3875 532 3960 Εὔπολις
548 3881 609 3966 μὲν
627 3887 693 3974 τὸν,
709 3887 861 3971 Μαρικᾶν
880 3885 1058 3974 πρώτιστον
1077 3893 1298 3978 παρειἎκοοεν,

390 3987 569 4084 ὂκστρέψας,
586 3993 662 4072 τοὺς
686 3987 853 4081 ἥμονέροος
869 3989 995 4077 Ἱππέας
1013 4003 1108 4100 κακῇς
1127 4000 1243 4086 κακῶς,
