2846 4788
465 377 707 446 ...57-

72 560 185 644 phanis
210 559 309 642 elegia
332 559 371 620 de
393 559 570 622 animarum
593 557 867 643 transmigratione
891 559 1099 644 Pythagorae,

73 669 141 752 qui,
162 689 235 729 eum
259 663 428 748 aliquando
450 662 629 726 ossenderct
649 663 681 722 in
700 663 836 747 aliquem
850 665 954 724 catulo
967 668 1101 730 verbera
1144 729 1148 734 ,

72 775 283 858 ingerentem,
313 771 478 834 miseratus
508 769 616 832 dixisse
646 770 764 832 fertur:
799 770 970 834 Verbcrare
992 774 1103 851 desine,

71 904 148 942 ασπι
178 883 272 941 antici
297 880 355 941 viri
384 880 491 938 ααίιπσ
518 879 586 938 duic
614 878 714 938 catulo
745 879 831 954 inest,
858 898 951 962 quam
973 898 1015 938 ια·
1036 900 1103 938 voce

72 1008 233 1070 cognosco,
282 987 317 1045 ln
346 983 408 1046 alio
437 983 681 1068 philosophandi
710 1005 827 1066 genere
856 983 1002 1047 Cratinus
1032 1005 1104 1048 eum

73 1093 201 1178 sugillat
220 1093 253 1151 in
277 1100 384 1152 nostra
406 1081 524 1168 fabula,
546 1113 644 1174 quum
666 1089 762 1152 dicit:

160 1257 256 1340 Ἔθις
280 1267 365 1332 ἐστιν
385 1261 492 1342 αὐτοῖς
513 1259 552 1332 άν
572 1271 630 1331 τιν’
653 1265 779 1349 tudens
799 1266 896 1329 ποθὲν

158 1372 298 1455 λάβωσιν
318 1372 496 1439 εἰσελθόντα
517 1371 755 1458 διαπειρώμενον

157 1481 213 1561 τῆς
233 1483 296 1544 τῶν
317 1478 417 1564 λόγων
438 1479 555 1566 ῥώμης,
576 1480 736 1566 ταράττειν
756 1483 810 1544 καί
829 1483 927 1570 κνκᾷν

157 1596 223 1662 τοῖς
245 1583 426 1667 ἀντιθέτοις,
447 1597 513 1664 τοῖς
534 1586 657 1673 πέρασι,
676 1597 743 1662 τοῖς
765 1586 995 1671 παρισώμασιν,
1038 1655 1040 1670 Ι

158 1703 225 1768 τοῖς
246 1690 447 1772 άποπλάνοις,
469 1704 535 1770 τοῖς
557 1687 710 1780 μεγέθεσι,
733 1697 947 1779 νοαβιστικώς.

79 1847 245 1912 Comieum
265 1851 420 1914 voeabula
442 1853 517 1914 artis
536 1852 765 1937 Pythagoricae
787 1854 819 1914 in
841 1839 1019 1927 iborensis,
1042 1847 1110 1908 dia-

78 1955 211 2032 lecticis,
242 1957 441 2038 geometricis
470 1967 503 2018 et
531 1960 750 2020 astronomicis
771 1959 835 2020 hoe
857 1957 929 2020 loco
950 1955 1109 2030 recitasse,

79 2061 272 2142 interpretes
295 2061 336 2120 ad
355 2063 448 2144 Diog.
474 2063 580 2123 Laert.
601 2065 678 2124 scite
700 2074 903 2124 monuerunt.

162 2165 392 2246 Argumentum
430 2165 568 2244 fabulae,
602 2189 683 2249 quae
711 2147 896 2229 Μαλθακοά
915 2166 1111 2241 inscribitur,

12 2340 16 2348 V
80 2271 151 2353 ipso
173 2270 266 2330 titulo
280 2270 359 2358 ysatis
382 2270 527 2350 indicari,
547 2272 723 2355 fragmenta
746 2273 971 2334 demonstrant.
998 2271 1111 2330 Nonne

79 2376 247 2438 hominum
283 2377 426 2440 mollium
462 2388 495 2440 et
533 2379 789 2440 effeminatorum
821 2393 939 2441 mores¹
955 2376 1112 2460 corrupti,

80 2483 220 2544 studium
247 2505 355 2546 omnes
384 2486 539 2569 nequitias
571 2487 680 2548 aetatis
709 2508 799 2548 more
829 2494 1051 2569 attemperatas
1081 2491 1114 2544 et

81 2591 369 2676 relictasimitandi‚
380 2592 537 2670 libidines,
549 2593 662 2677 quihus
675 2591 885 2679 indulgebant
895 2591 1113 2668 Athenienses,

83 2699 264 2781 splendidus
296 2708 328 2760 et
357 2699 531 2778 Iniuriosus
559 2699 592 2760 in
623 2699 772 2762 conviviis
804 2698 994 2760 adornandis
1016 2717 1120 2778 appa--

83 2813 181 2881 ratus,
202 2826 269 2866 mos
293 2805 408 2866 deinde
431 2827 564 2867 coronas
586 2805 762 2868 convivales
794 2805 965 2867 adhibendi
987 2825 1004 2866 e
1025 2803 1114 2864 ssori-

83 2911 143 2972 bus
165 2913 305 2994 nudique
328 2911 476 2974 desumtis
499 2921 531 2973 et
551 2912 732 2984 nectendis;
764 2931 869 2972 nonne
891 2909 1115 2986 abominanda,

85 3037 166 3098 qnae
196 3038 231 3076 ex
261 3017 308 3076 his
338 3018 526 3101 plerumque
549 3019 702 3102 sequitur,
726 3019 757 3078 in
778 3038 828 3078 res
849 3037 1000 3078 venereas
1022 3014 1115 3074 incli-

83 3119 172 3208 natio
197 3121 332 3204 aliaque,
351 3146 431 3208 quac
451 3124 484 3184 in
506 3123 598 3186 huius
622 3125 807 3186 comoediae
829 3121 969 3207 reliquiis
991 3132 1116 3185 servata

84 3229 245 3310 leguntur,
277 3229 376 3288 nostri
402 3240 517 3312 poetae
548 3229 796 3314 indignationem
826 3231 954 3292 omnino¹
984 3251 1116 3292 movere

87 3333 258 3423 debebant,
290 3343 326 3394 ut
356 3335 433 3396 tales
464 3346 594 3397 conatus
616 3336 730 3418 prioris
751 3337 903 3418 temporis
925 3335 1117 3418 simplicitati

85 3440 264 3501 contrarios
286 3440 512 3522 aggrederetur
532 3441 733 3524 singulosque
756 3441 880 3502 comico
903 3441 966 3500 sale
980 3441 1118 3523 graviter

86 3545 239 3609 velleret?
269 3547 317 3634 Cf.
345 3547 425 3608 Poll.
453 3548 516 3624 Vl.¹
541 3553 610 3612 106·
635 3547 749 3623 Athen.
781 3548 852 3609 XV.
874 3569 908 3630 p.
929 3551 998 3610 681.
1023 3550 1059 3609 A.
1080 3549 1119 3611 B.

78 3655 124 3737 E·
148 3675 179 3737 p.
202 3657 274 3718 685.
297 3653 332 3712 Β.
358 3653 392 3713 C.
434 3655 469 3713 ln
492 3675 529 3714 eo
552 3654 637 3714 enim
657 3653 813 3736 singulare
837 3652 975 3714 studium
1001 3677 1118 3738 posue-

87 3767 164 3821 runt
194 3760 318 3836 comici,
347 3767 383 3819 ut
412 3760 649 3844 comparatione
679 3759 821 3820 instituta
845 3759 930 3822 inter
956 3761 1060 3844 prisca
1086 3771 1118 3822 et

89 3888 146 3926 sua
167 3868 308 3949 ipsorum
326 3875 482 3949 tempora,
502 3866 576 3944 hoe,
605 3864 691 3950 quod
712 3866 744 3924 in
768 3865 873 3926 animo
895 3876 974 3942 erat,
987 3889 1119 3929 accura-

89 3971 152 4032 tius
184 3973 354 4056 depingere
387 3981 524 4056 possent.
565 3971 715 4055 Exempla
738 3972 872 4055 praebet
893 3973 1117 4059 Aristophanes

87 4079 123 4142 in
143 4079 292 4162 lluliibus,
315 4079 348 4142 in
367 4077 621 4150 Acharnensibus
643 4088 675 4142 et
697 4078 811 4146 ceteris
831 4077 954 4144 fabulis.
