2846 4788
486 385 752 450 *101-

98 563 212 623 tiarum
234 562 308 638 vim,
339 561 372 621 in
394 581 615 646 quemcunque
638 561 783 624 ordinem
803 560 941 646 ideoque
963 559 1128 628 vilissimae

96 647 283 754 plebeculae
312 689 440 752 gregem
469 669 580 746 lusam,
611 677 852 747 coacervarunt,
873 679 910 732 nt
929 672 1017 730 omni
1040 672 1129 732 luxu-

96 775 165 836 riae
186 774 434 858 foedissimisqoe
455 775 637 838 libidinibus
653 797 726 840 sese
758 774 881 838 darent.
932 775 1009 837 Inde
1031 779 1132 860 pessi·
1241 845 1244 852 ,

95 903 165 944 mus
194 861 253 942 ille'
274 881 512 945 Atheniensium
532 893 640 961 status,
669 883 831 968 popularis
854 881 1013 967 regiminis
1032 884 1149 946 effre-¹

96 996 172 1048 nata
196 988 335 1068 licentia,
355 989 649 1074 potentissimorum
669 990 797 1075 flagitia,
827 989 1019 1072 arrogantia,
1041 989 1130 1049 iran-

96 1091 165 1180 des,
201 1095 317 1158 inertia
354 1097 600 1182 demogogorum
628 1097 716 1159 vanis
748 1097 946 1159 orationibus
973 1091 1129 1180 donisque

96 1200 368 1282 perniciosissimis
394 1215 500 1284 aucta,
535 1205 635 1289 plebis
665 1221 765 1288 porro
795 1203 978 1266 insanientis
993 1217 995 1224 '
1008 1225 1130 1263 summa

95 1305 207 1367 levitas
221 1318 263 1370 'et
282 1310 501 1374 inconstantia.
544 1313 610 1373 lam
631 1321 703 1380 orto
723 1311 808 1374 hello
830 1311 1079 1394 Peloponesiaco
1096 1317 1130 1371 et

96 1412 267 1476 infeliciter
287 1427 386 1500 gesto,
413 1437 523 1480 omnes
554 1417 600 1479 illi
624 1419 726 1480 fontes
748 1419 903 1480 luxuriose
925 1416 1052 1479 vivendi
1074 1415 1130 1476 ah·

95 1519 309 1583 sorbebantur
329 1531 362 1586 et
383 1523 472 1606 quasi
497 1524 741 1595 evanescebant;
769 1525 905 1608 populus
934 1533 1052 1602 autem,
1074 1523 1134 1606 qui,

97 1627 292 1708 opulentiam
320 1628 416 1691 semel
445 1639 634 1714 gustaverat,
668 1631 865 1713 inertiaeque
887 1629 1073 1704 indulserat,
1094 1629 1128 1697 iu

97 1744 261 1816 posterum
290 1757 417 1819 quoquc
445 1735 508 1797 hoc
537 1737 603 1798 otio
634 1737 697 1798 frui
730 1738 888 1820 cupiebat.
941 1738 988 1796 lta
1008 1736 1130 1800 lactum

99 1849 156 1915 est,
177 1849 213 1900 ut
233 1841 390 1904 innumeri
412 1842 555 1904 homines
574 1843 687 1904 divitiis
703 1819 819 1922 orbati,
837 1842 915 1903 nihil
931 1841 1054 1927 agendo
1074 1863 1130 1902 oc-

97 1946 215 2028 cupati,
236 1968 296 2028 per
316 1957 420 2009 totum
442 1949 525 2010 diem
548 1952 580 2010 in
600 1951 672 2011 loro
691 1959 896 2012 versarentur
915 1957 1129 2034 exspectantes

97 2053 234 2134 aliquem
255 2053 447 2116 nobiliorum
470 2056 520 2116 vel
544 2056 791 2139 opulentiorum,
814 2055 866 2118 cui
884 2056 1129 2139 blandiloquen-

95 2161 141 2219 tia
162 2169 194 2222 et
215 2159 353 2221 dicteriis
376 2164 526 2246 exoptatis
547 2165 722 2247 placerent,
745 2163 860 2226 deinde
883 2161 924 2224 ad
945 2163 1030 2241 lauta
1049 2181 1152 2220 con-¹

94 2267 177 2328 vivia
203 2267 336 2345 invitati,
368 2270 452 2330 inter
482 2270 676 2353 epulandum
703 2270 881 2332 scommatis
911 2278 943 2330 et
965 2267 1128 2350 leporibus

95 2375 214 2436 variam
235 2376 428 2464 praeberent
442 2375 696 2439 delectationem.
739 2377 908 2462 Egregium
921 2374 1124 2449 vocabulum,

95 2502 160 2564 quo
192 2481 342 2564 Eupolim
370 2483 403 2544 in
433 2482 647 2549 describendis
676 2483 821 2567 parasitis
852 2481 1015 2566 eleganter
1036 2503 1129 2542 usum

96 2610 161 2651 esse
182 2598 317 2652 testatur
339 2589 518 2651 Athenaeus
541 2591 594 2650 lll.
618 2613 650 2673 p.
679 2609 748 2654 roo.
770 2591 807 2668 B,
822 2600 869 2652 est
882 2587 1126 2668 unianimitatem,
1219 2649 1221 2652 .

96 2697 151 2779 qui
178 2697 362 2760 felicitatem
391 2709 503 2761 ventre
527 2699 714 2776 metiuntur,
744 2717 881 2783 quorum
905 2720 1021 2782 nempe
1049 2697 1126 2758 deus

95 2813 141 2864 est
161 2815 283 2882 venter,
302 2793 349 2868 nir
368 2799 385 2868 ὃ
405 2806 478 2881 θεᾶς
499 2799 519 2888 ἦ
544 2804 658 2884 κοιλία,
687 2817 732 2886 ut,
754 2815 905 2870 monente
928 2804 1127 2878 Casaubono,

90 2911 210 2972 Paulus
236 2911 402 2995 Apostolus
436 2913 476 2974 ad
497 2913 635 2997 Philipp.
659 2921 689 2978 3.
714 2937 762 2996 19·
782 2922 893 2998 postea
915 2908 1055 2990 scripsit;
1087 2908 1128 2966 si-

93 3017 213 3081 militer
237 3039 360 3080 sensum
384 3019 533 3104 expressit
554 3021 700 3081 Cratinus
722 3019 873 3103 exquisito
896 3014 1052 3078 vocabulo
1073 3037 1129 3096 yn.

93 3121 320 3210 στροχάρυβὸις
342 3127 492 3206 (Belleri
512 3127 631 3188 Anecd.
653 3150 685 3209 p.
709 3133 759 3190 33.
777 3129 847 3202 ab).
890 3119 1044 3198 Κόλακες,
1064 3143 1127 3204 quo

93 3234 222 3296 nominc
245 3235 408 3318 Eupolidis
429 3234 535 3296 fabula
557 3233 751 3309 inscribitur,
773 3230 903 3314 proprie
924 3239 997 3291 sunt
1019 3228 1129 3289 adula-

92 3351 180 3402 tores
210 3341 263 3403 vel
290 3349 511 3412 assentatorem
541 3339 672 3423 Eupolis
702 3357 779 3398 vero
811 3345 844 3396 et
867 3345 990 3398 veteres
1012 3341 1128 3416 poetae

93 3468 148 3509 eos
177 3447 310 3508 maxime
341 3447 504 3531 castigasse
534 3443 736 3528 dicteriisque
767 3443 936 3504 salsissimis
967 3438 1127 3523 persecuti

94 3575 161 3616 esse
189 3554 349 3633 videntur,
379 3556 434 3639 qui
457 3554 540 3616 hane
566 3553 772 3629 deteriorem,
798 3573 893 3634 quam
914 3569 1007 3629 supra
1030 3567 1125 3627 expo-

91 3661 221 3738 suimus,
250 3661 332 3722 vitae
363 3659 580 3723 conditionem
610 3659 804 3722 excolebant.
860 3657 947 3717 Haec
971 3652 1126 3714 sententia

81 3767 304 3848 'confirmatur
332 3767 472 3850 primum
505 3765 688 3828 testimonio
718 3763 872 3826 Athenaei
902 3763 956 3824 Vl.
978 3765 1048 3824 236.
1077 3759 1127 3836 E,

97 3873 186 3934 cuius
208 3876 304 3936 verba
327 3873 407 3937 haec
428 3887 515 3936 sunt:
537 3871 567 3938 oi
586 3875 616 3936 δ’
641 3867 767 3957 ἀρχαῖοι
787 3868 914 3953 ποιηταὶ
931 3869 1006 3943 τοῦς
1027 3889 1128 3949 παρα-

97 3978 205 4053 σίτους
233 3977 369 4057 κόλακας
397 3969 539 4046 iunioris·
570 3974 652 4066 ἄμφ’
680 3970 724 4042 ὧν
750 3978 804 4043 καί
826 3969 964 4052 Εὔπολις
984 3976 1028 4064 rqi
1051 3975 1125 4059 dqu-

91 4109 169 4166 ματι
198 4087 254 4167 τὴν
291 4088 465 4175 ἐπιγραφὴν
490 4081 670 4168 ἐποιήσατο,
701 4086 815 4150 cicinde
842 4086 912 4170 ipsis
941 4083 1124 4170 fragmentis
