2846 4788
478 389 526 407 -
577 308 741 432 τοίω

183 529 322 612 Ἔνδοθι
334 541 393 625 μίν
413 542 481 608 ἔστι
503 543 718 633 Πρωταγόρας
743 539 760 608 ὁ
790 517 895 630 δόλος,

177 650 214 730 «tq
233 647 450 731 ἀλαζονεύεται
469 651 529 733 μὲν
547 646 706 740 ἀλιτήριος

175 758 251 844 περὶ
266 758 331 823 τοῖν
352 755 525 844 μετεώρων,
544 762 584 826 τοὶ
605 759 640 826 δὲ
655 758 821 844 χθαμόθτν
841 759 941 824 tonat

93 867 127 930 in
158 887 253 929 scena
272 866 420 952 protulit,
442 865 482 930 de
502 866 679 953 Protagora
699 867 788 952 quasi
810 866 851 930 de
871 884 1008 950 persona
1029 864 1125 926 totius

92 973 220 1036 fabulae
241 973 293 1036 vel
316 971 427 1036 saltem
446 972 540 1044 huius
553 975 612 1054 rei,
632 973 672 1037 dc
688 996 751 1059 qua
764 993 869 1038 sermo
891 979 950 1050 est,
971 971 1127 1057 participe

92 1079 256 1164 loquitur;
288 1080 373 1143 inter
397 1081 551 1166 parasitos
581 1073 666 1144 cniin
694 1081 811 1146 diseru
839 1089 1036 1143 numeratur.
1079 1078 1128 1139 Cf.

92 1187 257 1276 Plutarch.
274 1185 423 1272 ‘Sympoa
455 1187 525 1250 Vll.
559 1211 587 1251 ι.
611 1187 755 1251 Macrob.
785 1187 912 1250 Statum.
933 1186 1005 1253 Vll·
1027 1205 1056 1247 c.
1080 1187 1127 1248 τό.

92 1295 209 1358 Athen.
234 1297 258 1356 1.
280 1318 312 1379 p.
334 1302 383 1360 τό.
403 1295 440 1356 F.
460 1294 595 1357 Porson.
615 1295 745 1357 Advers.
768 1297 818 1378 75.

123 1443 132 1452 -
179 1401 313 1479 Chorus,
349 1411 386 1464 ut
411 1387 581 1491 inscriptio
610 1401 741 1482 indicat,
763 1398 943 1484 eparasitis
967 1397 1132 1462 constabat

96 1521 193 1596 atque
222 1510 343 1572 illustre
371 1507 587 1592 fragmentum
611 1508 776 1594 Eupolidis
806 1507 923 1592 legitur
945 1529 981 1570 ex
1006 1506 1130 1568 cantico

96 1617 189 1680 chori
213 1625 341 1678 nostrae
370 1613 498 1677 fabulae
519 1625 679 1678 servatum
701 1613 787 1699 apud
805 1613 1004 1676 Athenaeum
1025 1614 1078 1677 vl.
1099 1635 1131 1696 p.

95 1729 167 1790 236.
193 1723 231 1783 E.
263 1723 300 1784 F·
357 1722 435 1784 Post
461 1721 582 1805 primos
608 1730 739 1783 conatus
768 1719 933 1782 clarissimi
961 1719 1023 1782 viri
1050 1718 1132 1803 Hng.
1172 1713 1183 1732 ⁸

28 1891 30 1896 .
97 1829 214 1907 Grotii,
252 1830 307 1914 qni
343 1828 408 1890 hoc
447 1827 608 1888 canticum
633 1825 725 1887 chori
752 1826 854 1888 soluta
884 1826 953 1887 fere
987 1825 1133 1886 oratione

16 1995 17 1998 ,
97 1937 252 2020 scriptum
280 1935 361 1996 mira
393 1933 541 1995 doctrina
571 1932 612 1994 ad
631 1933 727 1996 metri
746 1933 831 2018 leges
852 1931 1027 2008 adstrinxit,
1048 1929 1132 1994 Her-

97 2061 232 2102 maunus
262 2040 294 2102 in
323 2039 424 2102 Elem.
456 2039 559 2126 doctr.
584 2049 677 2104 metr.
698 2061 731 2124 p·
755 2043 823 2106 685.
844 2039 885 2102 de
907 2038 1132 2102 constituendo

96 2147 162 2208 hoc
194 2145 289 2208 metri
317 2167 435 2229 genere
465 2146 586 2231 optime
606 2154 653 2210 cst
673 2139 816 2225 meritus,
837 2146 969 2230 e'iusqne
985 2165 1134 2208 versuum

98 2251 335 2336 dispositionem
357 2261 390 2315 et
411 2252 667 2316 emendationem
683 2245 723 2315 'in
742 2251 886 2337 plurimis
907 2261 1032 2314 secutus
1053 2273 1133 2312 sum.
1194 2248 1198 2256 '

96 2360 154 2422 Est
187 2370 293 2422 autem
320 2368 460 2422 metrum
489 2359 752 2437 choriambicum,
781 2367 968 2445 usurpatum
988 2357 1028 2422 ab
1048 2358 1134 2420 Ana·

101 2476 240 2544 creante,
264 2465 352 2550 quod
370 2465 419 2528 his
439 2465 574 2550 pedihus
597 2475 739 2529 constat:

222 2566 834 2666 ss9”*l¹’·'rv*llss¹’v-v.··3

175 2674 276 2744 Ἀλλὰ
296 2679 427 2759 δίαιταν,
450 2674 490 2762 ἣν
510 2672 615 2762 ἔχοντ’
636 2675 667 2742 oi
687 2675 826 2758 κόλακες,
847 2683 928 2764 πρός
946 2675 1031 2761 ύμύς

177 2787 315 2868 λέξομεν·
338 2781 410 2850 ἀλλ’
432 2780 599 2864 ἀκούσαθ’,
622 2780 666 2860 ὡς
686 2785 782 2866 ἐσμὲν
802 2780 933 2859 ἅπαντες
951 2784 1074 2863 κομψοί

118 2937 120 2944 s
179 2884 299 2974 ἀνδρες.
345 2897 438 2956 Τοῖσι
459 2892 569 2976 πρῶτον
590 2891 649 2973 μὲν
669 2899 742 2966 ταῖς
761 2885 938 2966 ἀκόλουθός
957 2891 1043 2955 ἐστιν

183 2992 352 3080 ἀλλότριος
368 3000 408 3062 τὰ
429 2997 543 3062 πολλά·
561 3003 676 3082 μικρὸν
696 2998 731 3062 δὲ
749 2996 899 3077 τελοῦμεν
918 2990 1016 3087 αύτῷ.

129 3131 131 3138 ·
175 3101 306 3186 ’ἱματίω
330 3103 440 3184 δόμοι
462 3103 511 3170 δύ’
533 3105 627 3170 ἐστόν
643 3105 793 3190 χαρίεντε·
813 3099 939 3168 τούτοιν

184 3203 242 3276 ούν
260 3209 509 3292 μεταλαμβάνων
529 3205 579 3276 ἀεί
596 3209 738 3296 θάτερον,
761 3208 914 3289 ἐξελαύνω

155 3365 159 3372 x
181 3320 224 3392 εἰς
246 3313 373 3402 ἀγοράν·
395 3318 463 3381 ἐκεῖ
479 3321 508 3382 δ’
530 3319 654 3384 ἐπειδᾶν
673 3317 788 3382 κατίδω
807 3317 867 3382 τίν’
888 3311 987 3404 ἀνδρα

182 3419 318 3506 ἠλίθιον,
340 3425 536 3491 πλοντούντα
554 3429 594 3505 δ’,
616 3421 713 3501 εύθύς
729 3427 802 3511 περὶ
819 3426 933 3492 ταύταν
956 3424 1031 3508 εἶμί.

183 3525 259 3622 Κᾷν
279 3557 310 3597 τι
328 3531 408 3620 τύχῃ
431 3531 530 3617 λόγων
550 3529 566 3597 ὃ
589 3531 738 3612 πλούταξ,
758 3530 840 3598 πάνυ
858 3532 946 3598 τοῦτ’
965 3533 1084 3598 ἐπαινοῖ

184 3641 237 3704 καί
255 3636 520 3724 καταπλήττομαι,
542 3641 642 3704 δοκῶν
662 3648 747 3704 τοῖσι
767 3636 891 3725 λύγοισι
907 3638 1056 3723 χαίρειν..

186 3739 254 3808 Εἶτ’
275 3747 337 3835 ἐπὶΑ
348 3750 471 3812 δεῖπνον
491 3743 661 3830 ἐρχόμεσθ’
684 3738 824 3823 ἄλλυδις
836 3739 933 3823 ἀλλος
953 3743 1053 3828 ἡμῶν,

180 3853 284 3932 μᾶζαν
304 3852 354 3916 ἐπ’
376 3849 569 3938 ἀλλόφυλον
593 3843 632 3916 ού
654 3853 705 3916 δεῖ
714 3854 864 3936 χαρίεντα
885 3856 989 3917 πολλὰ

182 3961 245 4021 τόν·
259 3954 369 4024 κόλακ’
390 3953 506 4034 statua
526 3954 635 4042 λέγειν,
655 3949 677 4040 ἢ
696 3956 824 4044 φέρεται
844 3957 976 4045 θύραζε.
1025 3943 1026 3950 ¹

187 4056 267 4128 Οἶδα
288 4066 319 4128 δ’
338 4060 500 4150 Ἀκέστορ’
522 4058 611 4143 αύτό,
630 4065 686 4128 τόν
707 4063 902 4150 στιγματίοιν,
926 4069 1076 4132 παύοντα·
