2846 4788
702 348 941 420 ...76η-

306 539 379 600 laha
399 536 555 612 laborare,
578 534 820 598 Valckenarium
844 539 883 598 ad
908 536 1025 598 llerod.
1049 533 1115 599 Vll.
1143 540 1208 602 sss.
1231 535 1335 599 secuti

245 704 249 718 ,
296 642 493 727 'particulam
511 665 544 725 ys
564 644 799 728 suppleverunt.
843 645 1056 720 Casauhonus,
1077 645 1217 726 quamvis
1236 645 1333 727 paulo

265 757 275 774 ²
306 750 454 812 audacius
475 750 626 812 recedens
649 773 667 812 a
687 750 842 812 librorum
864 751 1063 826 auctoritate,
1086 751 1242 814 subtiliter
1253 772 1334 812 con-

305 857 381 920 iecit
408 856 523 938 α’νδρός
551 856 755 918 inserendum
783 877 848 918 esse
870 866 943 939 post
962 857 1077 930 παντὸς
1099 853 1272 918 secundum
1293 859 1334 918 il-

306 964 362 1024 lud
393 956 614 1049 proverbium:
647 958 693 1028 Οὐ
716 964 829 1038 παντὸς
851 957 1018 1056 ἆνδρὸςιές
1039 958 1200 1044 Κόρινθυν
1221 961 1292 1025 ἐσθ’
1314 959 1331 1026 ὅ

305 1071 418 1144 alerici
460 1071 601 1154 Recepta
633 1079 680 1129 est
710 1069 790 1130 haec
820 1070 999 1130 emendatio
1028 1071 1066 1131 ab
1095 1071 1174 1154 Hug.
1204 1071 1330 1144 Grotio‚

305 1199 409 1261 neque
439 1176 516 1237 mihi
545 1175 700 1258 displicet,
730 1175 804 1258 quia
834 1197 872 1238 eo
899 1176 1020 1236 facilius
1040 1175 1184 1238 excidere
1204 1185 1331 1258 poterat

305 1282 495 1346 vocabulum
508 1276 632 1366 ἀνδρὸς,
654 1303 717 1365 quo
731 1281 859 1342 similius
877 1293 924 1342 est
937 1282 968 1342 in
981 1282 1245 1364 pronunciatione
1259 1304 1329 1342 cum

305 1387 510 1474 praecedenti
539 1389 664 1462 παντός.
719 1388 867 1464 GlaueuS,
897 1409 970 1448 cum
991 1409 1145 1471 nusquam
1167 1390 1330 1451 Cratinum

306 1495 617 1572 auctorem‘haheat,
640 1505 783 1579 suspecta
802 1494 970 1556 videbatur
989 1495 1063 1556 viris
1086 1493 1185 1557 doctis
1199 1497 1329 1558 maxime

307 1602 505 1680 Casauhono,
527 1602 583 1685 qui
606 1611 826 1686 argumentum
841 1599 918 1660 illud
928 1599 1110 1684 tragoediae
1122 1603 1218 1684 magis
1237 1625 1329 1685 quam

303 1707 489 1772 comoediae
511 1708 661 1798 idoneum
682 1708 777 1769 duxit.
808 1707 877 1768 Hoe
897 1717 1003 1768 tamen
1024 1727 1088 1768 non
1103 1708 1243 1786 dixerim,
1257 1730 1328 1768 cum

304 1816 396 1878 huius
418 1814 629 1898 inscriptionis
650 1813 757 1875 fabula
778 1813 846 1874 aliis
867 1807 993 1896 quoqrie
1014 1815 1116 1897 poetis
1138 1815 1264 1876 comicis
1287 1815 1329 1874 si-

302 1931 362 1982 eut
388 1921 588 2003 Aristophani
621 1919 712 1998 (Poll.
735 1921 787 1982 Ill.
810 1923 883 1999 qd),
904 1919 1049 1982 Anaxilac
1072 1919 1162 1998 (Poll.
1183 1922 1236 1981 1x.
1255 1925 1327 2002 ap),

304 2027 433 2088 Eubulo
463 2022 667 2109 (Harpocrat‘
691 2026 900 2110 Χρυσοχοεῖν.
927 2026 1009 2092 Poll.
1037 2027 1092 2090 VI.
1123 2030 1185 2108 67.)
1213 2025 1327 2086 diserte

304 2135 474 2196 tribuatur.
515 2132 570 2193 His
592 2132 735 2195 omnibus
758 2155 822 2194 non
835 2132 1020 2217 indigemus,
1035 2134 1185 2218 quoniam
1201 2132 1328 2216 quidam

303 2240 406 2302 Codd.
428 2239 516 2301 MSS.
538 2238 707 2301 lectionem
730 2238 874 2303 Γλαῦκον
894 2239 1051 2318 exhibent,
1066 2241 1110 2302 ita
1132 2250 1168 2301 ut
1189 2241 1228 2300 de
1243 2223 1328 2323 pisci

304 2349 395 2409 huius
425 2345 559 2407 nominis
590 2343 641 2421 (de
673 2366 737 2428 quo
770 2345 949 2408 Athenaeus
979 2349 1085 2431 111.p.
1113 2367 1181 2422 107.
1205 2346 1239 2407 C.
1261 2346 1326 2408 Vll.

304 2459 374 2535 293.
397 2436 433 2511 Β.
453 2451 631 2512 accuratius
655 2451 728 2534 agit)
746 2449 797 2512 hic
811 2473 919 2512 versus
933 2453 1064 2536 intelligi
1077 2454 1200 2514 debeat
1223 2456 1325 2536 Agno-

305 2558 419 2618 scimus
449 2556 546 2637 igitur
575 2577 700 2617 versum
733 2558 854 2620 Cratini
884 2557 923 2620 de
952 2560 1062 2643 glauco
1091 2563 1188 2644 pisce,
1216 2553 1326 2620 oinissa

303 2661 441 2739 fabulae,
463 2683 498 2724 er
521 2684 582 2745 qua
603 2672 721 2723 sumtus
743 2672 799 2740 est,
822 2665 1037 2748 inscriptione,
1064 2668 1203 2730 fabulam
1224 2666 1254 2729 Γ
1253 2665 1327 2726 lori.

304 2793 359 2844 sog
386 2768 568 2851 inscriptam
598 2767 796 2853 denegamus.
847 2771 1037 2856 interpretes
1069 2773 1110 2834 ad
1131 2772 1326 2836 Athenaeum

303 2899 430 2944 versum
448 2875 511 2938 hoc
536 2874 633 2937 modo
654 2875 864 2960 scripserunt:

786 3015 828 3032 ·-
845 3001 888 3034 -·-
910 2982 1054 3058 Ιῖλαῦκρν

465 3081 511 3153 Ov'
532 3093 612 3172 πρὸς
631 3082 746 3164 παντός
766 3087 851 3154 ἔστιν
870 3083 1003 3172 dmiccc
1024 3089 1152 3170 καλῶς.ι

223 3253 226 3267 ,
305 3195 470 3258 Claudicat
490 3197 558 3258 linis
579 3198 693 3282 prioris
716 3219 832 3260 versus.
873 3196 1049 3258 Casauhoni
1073 3194 1329 3258 emendationem

302 3303 459 3386 recipiens
488 3324 561 3364 cum
589 3305 733 3366 Porsono
761 3303 889 3366 Advers.
914 3307 1108 3368 sevonum
1131 3301 1331 3366 trochaicum
1413 3375 1414 3378 Ἴ

302 3419 523 3472 tetrametrum
544 3411 763 3472 catalecticum
788 3410 936 3472 exhiheo:

342 3518 374 3582 Γ
372 3515 487 3582 λἀῧκον
512 3509 549 3580 οὗ
572 3519 650 3600 πρός
671 3517 785 3591 παντὸς
805 3509 918 3600 ἀνδρός
938 3515 1023 3580 ἐστιν
1037 3509 1170 3600 ἆρτίσαι
1187 3514 1304 3588 καλῶς.

377 3618 587 3704 Ἐπιλὴσμων.
627 3625 719 3707 Apud
739 3623 946 3685 Scholiastam
967 3623 1007 3684 ad
1026 3620 1242 3704 Aristophanis
1265 3623 1332 3680 Nu-

207 3752 217 3766 ·
301 3731 357 3792 hes
383 3733 451 3814 788.
473 3731 639 3814 legebatur
659 3730 692 3792 in
713 3729 841 3790 Aldina:
871 3724 1131 3810 ἐπιλησμότατον]
1155 3723 1217 3790 ἔδει
1236 3726 1334 3790 εἰπεῖν

302 3832 613 3916 ἐπιλησμονέστατον·
637 3831 657 3918 ἢ
678 3834 759 3911 λέξις
781 3833 815 3898 δὲ
834 3831 998 3917 ἐπιλήσμη·
1020 3831 1100 3919 φησί
1120 3831 1153 3896 δὲ
1174 3834 1335 3916 Κρατῖνος

298 3936 513 4022 Ἐπιλήσμονι.
558 3942 652 4026 Apud
675 3941 813 4002 'Suidam
837 3965 864 4002 v.
886 3935 1134 4022 ἐπιλησμότατον
1160 3938 1332 4000 scribitur:

304 4037 428 4126 Ἄλεξις
449 4047 483 4116 δὲ
503 4044 670 4133 irrideus).
711 4049 868 4130 Κρατῖνος
889 4043 1132 4129 ἐπιλησμοσύνη,
1146 4044 1234 4131 quod
1249 4045 1335 4108 Her-
