2846 4788
702 359 942 436 ...m-

311 549 408 614 modo
444 557 563 614 veteres
601 559 633 612 et
663 553 920 635 praestantissimi
955 559 1075 637 'poetas
1106 552 1343 615 consenuerint.

310 657 421 720 Utitur
442 657 559 718 Cratini
582 657 732 740 exemplo,
756 656 842 742 quod
862 679 957 743 supra
979 657 1019 718 ad
1037 657 1172 718 diversas
1191 679 1240 719 res
1260 679 1340 720 con-

310 762 477 824 firmandas
510 762 632 847 saepius
658 763 885 846 usurpavimus.
937 764 1083 824 Cratinus
1112 763 1198 824 nudo
1233 764 1337 847 gladio

308 870 373 932 ruit
392 869 424 930 in
448 868 569 952 civium·
584 869 788 930 scelestorum
809 889 912 930 mores
933 879 1100 952 corruptos
1115 880 1147 930 et
1166 869 1198 929 in
1220 879 1336 952 poten·
1401 856 1405 864 ⁴

308 979 427 1041 dunum
447 975 563 1059 flagitia
584 985 617 1036 et
637 973 771 1034 fraudes.
814 973 890 1035 Inde
909 975 1035 1037 Persius
1057 975 1120 1036 Sat.
1144 977 1168 1040 l.
1191 981 1276 1040 12³0:

426 1117 467 1134 -
491 1114 529 1130 -
553 1079 674 1141 Audaci
695 1079 875 1164 quicunque
896 1079 1000 1142 afflate
1021 1081 1150 1142 Cratino
1172 1113 1215 1129 --

306 1189 359 1252 De
382 1211 444 1273 qua
466 1187 621 1250 senscntia
643 1185 728 1247 idem
748 1184 816 1248 fere
838 1187 992 1250 iudicium
1013 1188 1136 1271 profert
1151 1187 1336 1250 Cbri‘stodo-

193 1295 197 1320 '
234 1377 242 1389 Ι
307 1317 361 1358 rus
390 1296 423 1358 in
456 1292 600 1380 ecpbrasi
626 1301 800 1355 statuarum
831 1292 864 1353 in
892 1293 1044 1378 Leuxippi
1065 1294 1225 1379 gymnasio
1248 1297 1332 1381 apud

306 1401 518 1466 Bruuekium:

388 1506 458 1574 Καὶ
472 1503 571 1583 τύπος
590 1503 708 1593 dedetis
728 1503 862 1588 barsan
882 1498 1077 1591 ἇριστονὸοιο
1100 1505 1272 1588 Kreonion

380 1609 433 1689 Ὃς
456 1637 530 1678 ποτε
545 1611 754 1698 tarentinam
775 1610 1033 1694 πολισσούχοισιν
1049 1607 1163 1676 Ἰώνων

383 1722 570 1801 &prudencie
591 1717 727 1784 ἐθόωσα
747 1714 968 1802 ἆκοντιστῆρας
990 1717 1123 1800 ἰάμβους

385 1829 490 1907 asinos
510 1821 640 1908 ἇεξὴσας
660 1824 907 1910 φιλομαιῇνμονος
928 1822 1018 1908 ἔργον
1040 1819 1158 1907 ἀοιδῆς.

306 1933 502 2012 Quibuscum
528 1933 686 1994 consentit
717 1931 879 2016 iudicium,
906 1930 993 2015 quod
1022 1928 1183 1994 Platonius
1205 1935 1327 2016 profert

304 2036 389 2122 Περὶ
409 2039 560 2122 διαφορᾶς
577 2034 790 2120 χαρακτήρων,
818 2059 891 2098 enm
918 2036 1012 2099 fuisse
1032 2059 1176 2099 severum
1198 2037 1230 2099 in
1252 2061 1329 2100 cou-

301 2145 406 2217 uieiis3
433 2168 500 2206 non
530 2147 624 2222 enim,
653 2145 745 2206 sicuti
769 2143 993 2228 Aristophanes
1017 2146 1148 2224 solebat,
1170 2146 1327 2206 succincte

301 2251 463 2337 loquendo
474 2255 606 2337 gratiam
622 2253 743 2314 addidit
758 2251 1017 2328 cavillationibus,
1026 2251 1256 2314 vehementiam
1271 2253 1329 2313 ob-

302 2358 486 2442 iurgationis
519 2369 652 2442 propter
683 2359 782 2442 ipsam
811 2358 943 2441 gratiam
966 2357 1148 2420 deminuens
1180 2367 1212 2418 et
1238 2341 1327 2441 euasi

302 2465 443 2525 refutans
462 2465 518 2526 sed
537 2466 731 2548 simpliciter,
742 2465 844 2550 γυμνῇ
864 2465 901 2548 τῇ
924 2465 1053 2549 κεφαλῇ,
1074 2475 1110 2525 ut
1122 2464 1325 2548 proverbium

301 2566 410 2644 babet,
442 2569 585 2630 convicia
611 2571 687 2630 fecit
715 2571 748 2630 in
772 2569 954 2631 deteriores.
998 2573 1032 2630 ln
1054 2571 1230 2631 fabularum
1250 2591 1325 2630 vero

222 2655 226 2660 ¹
301 2674 534 2736 accessionibus
571 2673 737 2757 (ἐπιβολαὶ)
779 2685 811 2736 et
845 2685 998 2758 apparatu
1026 2675 1198 2759 (διασκευῇ)
1227 2676 1325 2736 solers

300 2777 376 2843 oum
396 2791 476 2844 esset
504 2781 661 2859 Cratinus,
690 2781 755 2866 ipsa
779 2777 1173 2866 argumentaldnolis'osag)
1197 2783 1326 2866 insuper

186 2901 191 2928 ¹
298 2889 436 2972 neglexit
460 2879 640 2973 (προϊέναι),
672 2887 831 2970 dissipavit
863 2897 895 2949 et
916 2889 996 2958 iusto
1019 2888 1166 2972 prolixius
1187 2887 1326 2950 distraxit

297 2993 470 3080 (tennis),
491 2994 597 3077 itaque
617 2993 738 3054 fabulas
760 2994 838 3076 ipsas
859 3016 922 3055 non
945 2995 1016 3054 satis
1038 3004 1110 3078 apte
1133 3005 1164 3056 ct
1185 3017 1326 3078 congrue

298 3101 479 3182 complevit.
528 3100 724 3182 Supererant
753 3100 848 3184 igitur
869 3101 900 3163 in
923 3101 1043 3166 Cratini
1063 3101 1177 3162 fabulis
1196 3101 1327 3183 vestigia

297 3205 451 3268 nonnulla
472 3204 612 3268 rudioris
633 3207 877 3270 etinordiuatae
894 3207 980 3284 artis,
997 3208 1183 3290 praesertim
1197 3209 1228 3268 in
1247 3230 1327 3268 con-

299 3310 441 3374 clusione
474 3310 651 3374 dramatum
683 3295 923 3376 desiderabatur
954 3324 1240 3399 temperamentum
1267 3313 1327 3374 ali-

297 3417 395 3503 quod,
425 3439 487 3502 quo
519 3419 723 3481 cavillationis
754 3441 874 3480 summa
894 3421 1048 3483 acerbitas
1069 3421 1233 3484 leniretur.
1261 3420 1329 3480 Eu-

296 3524 377 3610 polis
408 3533 520 3586 contra
544 3547 607 3601 res,
628 3547 790 3608 personas,
812 3547 905 3587 voces
927 3537 959 3588 et
984 3539 1070 3589 actus
1093 3527 1133 3588 ad
1151 3528 1327 3596 veritatem

293 3654 448 3696 revocans
470 3643 501 3694 et
520 3631 717 3714 sihi‘fiugens
734 3624 964 3714 (εὗφὰνταστος)
984 3633 1228 3716 auditorumque
1242 3633 1327 3694 ima-

294 3737 487 3820 ginationem
508 3739 540 3797 in
562 3759 648 3800 suam
670 3747 738 3798 reris
759 3759 970 3818 commovens,
984 3740 1017 3800 in
1036 3723 1227 3826 argumentis
1240 3762 1326 3802 con-

293 3845 466 3910 formandis
496 3843 588 3924 longe
619 3844 754 3926 optimus
783 3863 934 3906 summam
962 3846 1026 3907 vim
1048 3855 1081 3908 et
1102 3847 1325 3908 deuteritatem

294 3950 416 4014 addidit
445 3948 558 4010 fabulis
593 3957 634 4024 et,
665 3967 737 4008 cum
765 3949 865 4029 gravis
894 3951 960 4035 ipse
989 3959 1081 4028 essetf
1108 3939 1324 4016 confictorum

296 4067 403 4124 tamen
435 4075 644 4142 personarum
667 4052 805 4120 novitate
826 4056 1006 4120 acerbitatis
1029 4077 1103 4122 suae
1123 4066 1327 4161 venustatem
