2846 4788
705 349 946 419 ...97-

313 533 391 596 tudo
413 534 495 596 inter
514 531 675 616 Eupolidis
699 543 731 594 et
753 530 968 614 Aristophanis
992 531 1106 607 locum,
1128 528 1181 612 qni
1196 529 1344 614 sequitur

314 664 343 704 v.
375 646 441 724 746.
473 640 644 718 intercidit,
671 649 805 704 testatur
835 637 999 722 Eupolidis
1018 633 1231 721 ¹fragmentum
1252 637 1340 719 apud

201 741 206 756 ⁸
312 747 606 808 StohaeumSerm.
629 745 752 812 1V.ss.
1291 761 1294 772 ’

394 853 514 915 Similes
545 852 718 914 sententiae
748 852 787 914 de
812 850 945 913 civitatis
966 847 1203 910 Atheniensium
1223 850 1341 910 misera

312 958 494 1020 conditione
517 959 721 1019 continentur
740 957 788 1018 bis
809 955 971 1040 Eupolidis
992 955 1147 1018 versibus:

397 1056 438 1126 Ὦ
457 1061 609 1144 καλλίστη
629 1059 704 1126 πόλι
723 1064 841 1140 πασῶν,
863 1056 941 1136 ὅσας
961 1060 1075 1125 Κλέων
1096 1061 1209 1146 ἐφορᾷ,

393 1166 436 1244 ὡς
457 1165 610 1249 εὐδαίμων
632 1166 783 1253 πρότερόν
804 1174 831 1232 τ’
853 1160 947 1250 ἦσθα,
969 1169 1025 1232 νῦν
1046 1192 1078 1230 τε
1097 1170 1220 1248 μᾶλλον
1241 1163 1321 1228 ἔσει.

311 1277 481 1359 Hephaest.
512 1277 642 1338 Euchir.
675 1300 706 1360 p.
731 1281 801 1343 108·
824 1282 872 1340 rs.
893 1276 1001 1337 Herm.
1023 1275 1097 1358 epit
1121 1274 1222 1336 doctr.
1245 1284 1338 1334 metr.

312 1390 340 1455 §.
364 1389 434 1465 507.
461 1393 494 1444 et

394 1481 481 1550 Ἔδει
498 1489 622 1572 πρῶτον
640 1488 699 1570 μὲν
716 1484 866 1574 trappa
884 1487 1007 1554 πάντων
1028 1487 1201 1571 ἰσηγορίαν.

392 1594 458 1669 πῶς
480 1585 536 1656 οὖν
557 1589 613 1658 οὐκ
634 1587 672 1660 ἄν
691 1619 739 1671 τις
761 1592 881 1677 ὁμιλῶν
901 1593 1010 1678 χαίροι
1029 1595 1133 1681 τοιᾷδε
1151 1588 1252 1670 πόλει,

389 1701 430 1764 ἵν’
451 1699 568 1779 ἔξεστιν
589 1699 671 1766 πάνυ
692 1704 793 1789 λεπτῷ
813 1703 897 1788 κακῷ
918 1727 951 1766 τε
970 1704 1027 1784 τὴν
1047 1697 1142 1768 ἰδέαν.

310 1807 462 1872 Priscian.
483 1834 515 1893 p·
542 1816 629 1887 1330,
654 1815 684 1874 3.
705 1810 746 1870 ed
766 1809 894 1870 Putsch.

394 1915 482 1974 Hanc
504 1914 636 1976 civitatis
657 1915 772 1992 labem,
801 1936 980 1999 processum
1008 1937 1026 1976 a
1045 1912 1268 1976 mutandarum
1291 1911 1337 1972 le-

310 2041 384 2101 gum
414 2019 555 2097 libidine,
589 2043 650 2104 qua
677 2021 841 2105 demagogi
862 2021 1091 2106 flagitiosissimi
1112 2019 1335 2093 abutebantur,

308 2137 343 2186 et
370 2149 494 2188 morum
528 2126 752 2211 depravatione
774 2127 953 2205 adductam,
976 2129 1008 2188 in
1029 2126 1137 2190 fabula
1159 2127 1265 2206 Δῆμοι
1288 2125 1336 2184 in-

308 2235 425 2317 scripta
453 2234 694 2297 Atheniensibus
728 2234 867 2318 depinxit
893 2234 1052 2304 coloribus
1080 2229 1275 2302 viridissimis
1305 2240 1336 2292 et

309 2363 445 2402 summos
470 2341 539 2401 illos
562 2351 594 2404 et
612 2342 738 2402 eximios
759 2341 946 2424 demagogos
960 2339 1143 2412 Miltiadem,
1156 2335 1335 2412 Aristidem,

308 2447 459 2508 Solonem
489 2457 520 2508 et
547 2447 706 2508 Periclem
728 2449 766 2509 ab
793 2448 900 2508 inferis
923 2445 1087 2523 excitabat,
1109 2455 1145 2505 ut
1168 2443 1335 2527 imperium

311 2553 503 2633 abrogarent
543 2553 589 2612 sui
627 2554 778 2636 temporis
809 2554 1066 2637 imperatoribus,
1095 2549 1334 2614 adolescentulis

309 2657 484 2733 luxuriosis,
505 2657 560 2740 qui
581 2656 710 2720 virtutes
732 2659 959 2741 imperatorum
980 2679 1044 2721 non
1068 2660 1100 2720 in
1116 2667 1221 2720 mente
1234 2655 1336 2718 habe-

309 2772 382 2822 rent
409 2762 464 2824 sed
494 2763 525 2822 in
558 2761 673 2848 pedum
701 2763 853 2828 malleolis
876 2766 1027 2849 repositas
1048 2765 1095 2849 (ἐν
1114 2772 1180 2840 τοῖς
1201 2768 1334 2848 σφυροῖς

308 2867 437 2960 discum
463 2865 519 2950 τὴν
548 2870 757 2956 στρατηγῶν).
807 2872 930 2935 lllustre
952 2873 1163 2958 fragmentum
1184 2868 1335 2934 emenda-

307 2975 353 3036 vit
371 2986 403 3038 et
424 2976 593 3060 divulgavit
613 2978 838 3040 Valckenarius
859 2980 892 3041 in
911 2980 1055 3042 Diatribe
1076 2980 1186 3062 Eurip.
1209 3001 1240 3062 p.
1261 2982 1332 3040 252.

308 3103 326 3142 e
354 3081 477 3144 scholiis
505 3083 628 3145 ineditis
657 3085 812 3147 Aristidae
840 3087 878 3146 T.
903 3087 953 3146 ΙΙΙ.
976 3109 1007 3169 p.
1029 3093 1109 3169 374,
1132 3107 1212 3169 quae
1232 3082 1334 3167 possi-

309 3190 404 3258 debat
427 3191 540 3252 Petrus
560 3191 757 3252 Burmannus
777 3193 951 3258 Secundus.
992 3195 1071 3254 Rem
1087 3203 1189 3254 aetam
1212 3212 1277 3254 esse
1299 3191 1334 3250 in

306 3295 340 3356 in
369 3317 463 3356 scena
491 3305 625 3358 testatur
655 3309 784 3382 praeter
812 3299 1020 3360 Plutarchum
1046 3301 1079 3360 in
1107 3299 1221 3362 Pericl.
1252 3320 1279 3358 c.
1303 3305 1334 3362 3.

305 3401 504 3486 Aphthonius
524 3404 760 3488 Progymnasm.
783 3425 810 3466 c.
832 3407 888 3466 Xl.
903 3405 943 3467 de
959 3406 1142 3491 Idolopoeia
1163 3407 1332 3478 disserens3
1412 3393 1415 3498 l

305 3511 396 3571 fuere
426 3510 510 3572 enim
537 3510 652 3573 horum
684 3513 723 3572 ab
755 3512 862 3574 inferis
890 3524 1077 3576 vocatorum
1108 3536 1264 3598 personae
1290 3513 1335 3574 ad
1414 3511 1415 3548 l

305 3615 368 3677 vivi
399 3614 501 3676 vultus
530 3616 767 3680 similitudinem
796 3619 1030 3682 accomodatas.
1068 3620 1241 3703 Aphthonii
1261 3642 1336 3682 sen·
1413 3597 1415 3666 l

307 3722 449 3799 tentiam,
473 3743 526 3781 eos
550 3722 595 3783 nil
619 3723 741 3786 locutos
764 3747 829 3786 esse
850 3725 883 3786 in
904 3748 1008 3806 scena,
1030 3729 1148 3790 refutat
1167 3727 1335 3790 Plutarchi
1414 3805 1415 3808 Ἴ

306 3830 395 3891 locus
425 3829 556 3910 (Periol.
593 3853 620 3891 o.
651 3831 730 3912 aa),
752 3833 807 3894 ubi
827 3834 967 3898 Pericles
991 3836 1031 3897 de
1053 3837 1118 3898 lilio
1141 3836 1248 3920 spurio
1271 3835 1337 3920 Py-

306 3935 452 3999 ronidem
482 3937 636 4021 quasdam
658 3941 841 4025 interrogat.
881 3945 922 4026 ³A
945 3942 1087 4005 Miltiade
1117 3942 1203 4004 haud
1236 3942 1337 4006 dubie
1414 3996 1415 4048 7

306 4063 415 4124 graves
439 4054 469 4108 et
491 4045 623 4130 insignes
647 4049 822 4112 sententiae
842 4051 1090 4133 proferebantur
1111 4061 1144 4114 et
1162 4051 1338 4114 formulam
1414 4055 1415 4086 ³
