2846 4788
466 392 511 408 ·-
565 365 632 434 105
685 393 731 410 -

76 567 154 606 cum
181 544 311 628 pluralis
339 561 487 608 numerus
520 545 554 606 in
574 543 1019 628 praecedentibuspatasitos
1042 550 1115 628 (sive
1153 581 1160 594 ν

74 653 215 715 chorum
237 655 336 736 ipsum
359 652 423 714 sive
449 651 623 735 choragum
647 653 831 736 loquentem
852 657 1023 737 ponamus)
1056 677 1115 716 no-

75 771 173 836 taret,
195 757 358 842 singularis
382 779 532 822 numerus
554 759 659 824 ieiune
680 760 839 844 sequitur:
872 761 941 820 llon
966 779 1017 822 me
1035 762 1115 844 fugit
1214 833 1219 842 ³

66 875 189 950 ¹poetas
213 865 245 926 in
268 859 577 950 comoedianpar'iter
597 887 635 928 ae
663 865 826 950 tragoedia
854 863 1000 944 cherma,
1034 889 1114 950 qua-

72 987 169 1038 tenus
185 983 289 1035 totum
313 969 443 1061 aliquod
464 993 538 1036 eum
559 971 784 1048 existimarent,
802 969 952 1055 singulari
967 993 1112 1050 numero,

72 1073 232 1166 quatenus
253 1079 391 1164 singulos
415 1077 623 1162 respicerent,
642 1077 758 1162 plurali
782 1097 915 1140 numero
935 1078 975 1140 de
989 1099 1022 1142 se
1042 1079 1112 1162 ipso

71 1173 263 1272 loquentem
277 1186 309 1248 in
331 1206 459 1248 scenam
480 1183 651 1256 induxisse;
673 1185 816 1248 concedo
838 1175 965 1269 quoque
988 1185 1021 1248 in
1044 1205 1120 1252 nno..

70 1293 253 1376 eodemque
275 1292 400 1354 cantico
422 1291 507 1354 hanc
526 1291 715 1356 sententiam
741 1301 966 1354 commutatam
993 1291 1055 1376 legi
1077 1301 1109 1354 et

70 1400 209 1462 multum
240 1419 334 1480 saepe
364 1397 469 1460 valere
490 1395 531 1460 ad
553 1397 741 1460 varietatem
762 1397 938 1481 elegantem
962 1389 1115 1460 allicias?

69 1509 159 1586 alam,
183 1503 239 1570 sed
266 1503 413 1588 despero,
446 1505 522 1589 quin
552 1503 616 1566 loci
645 1487 857 1581 inveniantur,
888 1501 943 1588 qui
975 1504 1026 1564 in·
1045 1527 1108 1566 una

68 1615 165 1678 sirnul
203 1612 378 1698 eademque
411 1612 635 1678 enunciatione
667 1610 802 1674 chorum
832 1617 865 1674 et
893 1613 1042 1694 singulari
1075 1623 1108 1676 at

72 1719 191 1803 plurali
212 1741 347 1785 numero
370 1739 437 1782 sese
458 1718 674 1782 nominantem
695 1719 872 1782 exhibeant
916 1719 1007 1797 Quae
1029 1741 1104 1784 oum

66 1827 114 1887 ita
143 1825 217 1906 sint,
248 1825 326 1888 alius
355 1824 500 1888 lectionis
526 1823 755 1910 proponendae
781 1822 960 1908 periculum
989 1823 1050 1886 feci
1072 1834 1127 1888 et·

71 1935 119 1998 sie
140 1931 310 2018 legendum
331 1955 398 1996 esse
419 1941 542 1996 statuo:

234 2041 348 2121 μικρῡν
368 2037 571 2120 altariorium
591 2033 688 2128 αὐτῷ.

68 2142 205 2206 Parasiti
233 2145 292 2228 ipsi
323 2143 431 2230 inopia
459 2143 571 2230 pressi,
600 2165 675 2211 cum
704 2145 872 2230 proprium
892 2165 1018 2208 servum
1039 2165 1105 2212 non

66 2251 218 2331 habeant,
236 2252 385 2331 alienum,
403 2254 456 2338 qui
473 2253 606 2317 divitum
625 2245 754 2314 noniina
773 2261 806 2316 et
820 2271 871 2314 res
889 2251 972 2313 bene
988 2251 1103 2329 noscit,

68 2359 218 2423 mmcede
249 2360 377 2444 quidem
410 2357 604 2437 conducunt,
629 2357 686 2422 sed
706 2359 800 2422 vilem
821 2367 944 2422 tantum
958 2345 1105 2448 'radiant

69 2462 262 2530 mercedem.
318 2469 425 2530 Τελεῖν
451 2487 529 2528 vero
561 2465 679 2528 dieitur
707 2464 747 2528 de
776 2464 926 2526 solvenda
955 2466 1102 2548 pecunia,
1125 2449 1143 2474 ⁹

70 2595 168 2655 quann
197 2584 230 2636 et
259 2573 380 2636 civitati
405 2585 437 2638 et
457 2573 592 2658 singulis·
607 2570 769 2648 dobenina,
792 2573 899 2656 itaque
922 2570 985 2633 hoe
1008 2593 1104 2634 voea-

67 2677 147 2739 lsnlo
177 2701 260 2758 usus,
292 2679 486 2766 paucissimis
514 2688 638 2742 tantum
658 2674 772 2765 litteris
793 2679 920 2746 mutatis
943 2685 975 2750 et
990 2677 1104 2742 sensui

66 2795 99 2846 ot
121 2795 224 2850 metro
245 2787 425 2852 satisfacere
448 2786 577 2854 omnino
601 2783 752 2850 arbitror.¹
1031 2778 1034 2783 ¹

148 2890 416 2978 Versusquintus
435 2893 499 2955 hoc
521 2893 618 2956 modo
640 2887 773 2978 legitur:

181 2989 311 3077 ‘inan'u
333 2997 367 3061 st
386 3021 443 3078 nos
456 2993 513 3062 'tt’
532 2997 626 3063 iotis
641 2995 792 3082 χαρίεντε·
814 2991 938 3081 τούτων

188 3101 435 3184 μεταλαμβάνων
454 3129 483 3168 κ.
504 3125 533 3169 τ.
554 3109 585 3168 λ.

65 3197 239 3288 Lacunam,
263 3225 345 3295 quae
362 3209 467 3275 statim
489 3211 527 3272 ab
550 3209 641 3273 initio
663 3229 769 3272 versus
790 3209 866 3273 sexti
886 3209 920 3272 in
935 3208 1097 3274 codicibus

66 3318 266 3396 observatur,
295 3307 425 3379 Grotius
448 3315 583 3401 explevit
603 3315 710 3379 addita
728 3317 885 3401 particula
906 3307 973 3382 οὖν.
1010 3317 1097 3379 Her-

64 3443 197 3484 mannus
233 3420 268 3486 ἓν
294 3443 417 3506 ponens
444 3431 477 3484 et
505 3429 663 3486 commate
693 3401 919 3512 interpungens
947 3431 1019 3506 post
1049 3417 1099 3484 cisi

64 3529 254 3593 sententiam
282 3537 383 3592 totam
409 3527 611 3613 perturbasse
627 3517 768 3592 ridetur.
808 3529 884 3592 Sine
908 3528 1005 3591 dubio
1028 3528 1095 3610 ipsa

59 3635 156 3706 'huius
193 3636 375 3701 motationis
417 3635 632 3700 infirmitatem
664 3633 823 3720 perspexit
853 3645 886 3700 et
915 3655 1021 3700 versus
1050 3633 1094 3697 sio

65 3741 206 3828 scripsit:
435 3727 440 3734 ¹
850 3731 851 3736 ἵ

138 3841 268 3928 ‘Inertis
292 3847 327 3912 ts*
345 3873 401 3928 μοι
422 3845 470 3912 δύ’
491 3847 583 3912 ἐστὸν
600 3843 740 3930 χαρίεντε
758 3839 870 3921 τούτω,

114 3971 116 3976 “
143 3943 193 4038 eir
213 3951 459 4037 μεταλαμβάνων
480 3945 529 4022 titt*
546 3951 686 4039 θάτερον,
707 3945 859 4028 ἔξελαῦνω

140 4061 182 4143 tls
209 4085 287 4134 κ..τ.
312 4067 342 4134 l.
820 4147 845 4220 8
