2846 4788
706 361 944 436 ...Ag-

314 571 385 612 mor
416 549 447 610 in
476 547 712 612 Atheniensium
744 550 862 610 animos
894 547 1013 632 opinio,
1045 566 1142 630 penes
1164 543 1250 608 illam
1272 568 1342 608 essc

315 659 478 720 maximam
506 657 538 716 in
568 656 662 718 rebus
686 655 826 740 'publicis
858 655 1109 718 administrandis
1138 664 1341 739 potestatem,
1402 687 1403 690 ¹

316 788 355 827 eo
383 762 504 824 facilius
538 784 688 847 arrepere
719 771 836 846 posset,
866 785 928 846 quo
958 760 1054 846 magis
1081 771 1195 845 poetae
1227 761 1343 821 comici
1402 799 1403 832 3

314 873 380 954 ipsa
400 869 492 932 huius
514 869 560 932 rei
579 869 778 932 cavillatione
799 870 919 931 fontem
940 868 1092 930 invenisse
1114 868 1173 928 sihi
1189 869 1344 930 videban-

312 990 377 1056 tur,
408 999 443 1040 ex
466 993 528 1061 quo
555 975 627 1036 satis
648 975 767 1056 largam
790 975 955 1036 materiam
977 976 1083 1034 lovem
1105 974 1288 1059 Olympium
1309 985 1343 1035 et

313 1107 402 1146 suam
422 1086 575 1144 Iunonem
594 1103 653 1163 pro
676 1081 814 1142 ludibrio
834 1081 973 1142 habendi
995 1080 1246 1164 depromserunt.
1268 1075 1342 1143 Bel-

312 1192 379 1257 lum
401 1188 487 1274 quod
507 1165 713 1248 Athenienses
734 1189 936 1271 poscentibus
957 1187 1084 1247 Milesiis
1105 1187 1224 1248 insulae
1245 1189 1340 1248 Samo

312 1300 491 1361 intulerunt
513 1295 575 1372 (Ol.
600 1300 647 1374 84.
670 1297 729 1374 4.),
752 1294 878 1376 Aspasia
901 1295 1053 1356 suadente
1073 1305 1178 1356 ortum
1201 1315 1266 1355 esse
1288 1293 1341 1354 e'x-

312 1407 452 1466 istimaut
472 1401 614 1463 nonnulli
636 1403 804 1483 scriptores
830 1400 994 1483 (Harpocr.
1016 1394 1197 1482 Ἀσπασιῖι).
1222 1385 1341 1478 Quam-

311 1513 357 1583 vis
376 1533 439 1571 non
454 1509 632 1584 mirandum
647 1508 742 1586 foret,
759 1507 784 1568 si
802 1507 940 1590 Aspasia,
957 1507 1058 1590 Mileti
1076 1517 1157 1585 orta,
1176 1508 1214 1568 ah
1227 1506 1339 1566 ‘amico

313 1619 460 1698 auxilium
488 1616 684 1700 implorasset
711 1615 916 1698 popularibus
938 1615 1104 1675 ferendum
1124 1615 1259 1697 ideoque
1279 1615 1341 1674 Pe-

311 1727 405 1786 ricles
428 1745 462 1786 ex
484 1723 602 1802 amicae
624 1721 772 1804 singulari
794 1720 894 1803 gratia
916 1719 1035 1803 populo
1057 1717 1339 1802 persuasissethoc

310 1831 430 1892 bellum
462 1847 527 1890 esse
550 1813 869 1903 ineundumjtamen
890 1826 1126 1889 Atheniensium
1150 1827 1258 1888 animis
1279 1825 1340 1885 hoc

310 1946 456 2020 temppre
476 1935 607 1996 maxima
626 1928 787 2018 pugnandi
811 1933 983 2016 cupiditate
1005 1934 1144 1996 accensis
1171 1955 1235 1994 uon
1261 1956 1338 2018 opus

310 2053 381 2104 erat
400 2033 546 2124 Aspasiae
565 2041 692 2102 secretis
715 2038 991 2124 admonitionibus·
1035 2039 1082 2100 Cf.
1100 2033 1262 2102 Plutarch.
1280 2042 1341 2104 Pe-

310 2150 379 2210 ricl.
402 2170 431 2208 o.
454 2151 515 2211 25.'
532 2156 564 2207 et
585 2152 633 2210 26.
765 2223 768 2230 ι
907 2219 908 2226 ¹

393 2254 515 2316 Comici
536 2275 652 2335 parum
673 2253 814 2314 contenti
838 2252 997 2315 minorum
1022 2251 1253 2336 expeditionum
1268 2277 1341 2317 cau-

311 2385 377 2438 sam
402 2360 441 2420 ad
463 2359 621 2440 Aspasiam
649 2359 793 2420 retulisse
824 2358 898 2420 alias
921 2369 952 2418 et
974 2361 1107 2422 maiores
1129 2361 1340 2423 cavillationes

309 2470 345 2564 ip
368 2487 436 2526 carn
459 2441 700 2524 accumularent
721 2475 753 2525 et
778 2463 925 2548 denique,
951 2465 1037 2548 quod
1049 2488 1204 2530 summum
1219 2480 1265 2530 est
1281 2494 1336 2530 arr-

310 2561 421 2632 daciae
444 2589 613 2644 conamen,
632 2558 832 2628 funestissimi
852 2570 927 2631 belli
947 2571 1208 2656 Peloponnesiaci
1219 2577 1339 2638 fantem

310 2678 344 2738 in
367 2677 514 2760 Aspasiae
537 2676 640 2737 animo
664 2676 818 2737 invenisse
840 2677 899 2736 sihi
921 2677 976 2762 uisi
1000 2689 1081 2756 sunt,
1097 2681 1249 2742 eiusmodi
1263 2705 1339 2744 vcro

308 2783 473 2874 coloribus
498 2792 599 2843 totam
619 2803 688 2863 rem
707 2781 910 2865 depingentes
929 2795 960 2844 ct
978 2797 1137 2871 augentes,
1150 2797 1185 2848 ut
1202 2787 1341 2850 deterio-

309 2891 467 2954 remeius
490 2888 572 2950 vitae
595 2889 810 2950 conditionem
835 2891 1038 2953 ostenderent
1057 2895 1276 2976 Periclemque
1293 2895 1341 2954 fa-

310 2998 489 3082 miliaritate
514 2997 579 3058 eius
602 3005 745 3056 utentem
768 2997 863 3074 omni,
886 3007 922 3058 ut
944 2999 1034 3060 nohis
1050 3000 1185 3082 ,quidem
1205 2999 1339 3078 videtur,

305 3105 498 3189 auctoritate
528 3103 700 3186 privarent.
753 3103 787 3162 ln
807 3103 854 3163 his
877 3125 953 3189 vero
975 3105 1161 3188 perspicuus
1182 3115 1229 3166 est
1249 3107 1340 3168 Peri-

309 3210 366 3290 clis
398 3209 540 3293 egregius
569 3208 745 3289 character,
774 3211 807 3270 in
838 3207 885 3270 his¹
907 3208 986 3270 latet
1007 3210 1170 3289 iudicium,
1192 3214 1279 3296 quod
1302 3217 1340 3276 de

311 3315 478 3378 comoedia
501 3315 644 3377 tulerunt
664 3309 882 3392 Atheniensesj
917 3316 971 3400 qui
991 3328 1126 3400 propter
1144 3322 1341 3384 ⁴comicorum

312 3424 391 3484 sales
413 3423 515 3483 risisse
537 3423 691 3499 contenti,
714 3422 846 3500 nullum,
869 3445 963 3506 quem
985 3425 1111 3487 aliunde
1133 3427 1254 3488 bonum
1276 3430 1343 3488 for-

310 3538 440 3612 temque
461 3538 664 3612 compertum
687 3527 841 3606 habuere,
863 3529 1012 3612 conuiciis
1035 3541 1140 3592 autem
1164 3543 1195 3594 et
1217 3535 1343 3616 probris

223 3631 225 3634 ’
312 3635 346 3694 in
378 3655 473 3696 scena
503 3633 679 3694 laceratum
702 3632 861 3711 viderunt,
883 3635 995 3718 culpae
1016 3659 1107 3698 reum
1130 3639 1348 3702 existimabant

256 3819 258 3822 Ι
311 3761 514 3826 poenamque
542 3741 581 3803 ab
612 3761 651 3800 eo
679 3740 875 3822 expetebant.
926 3742 1148 3828 Aristophanes
1170 3746 1202 3806 in
1225 3727 1347 3807 Achar-

313 3847 464 3922 nensihus
486 3851 555 3925 524.
579 3845 773 3906 demonstrat
790 3846 909 3906 bellum
929 3849 1234 3932 Peloponnesiacum
1254 3877 1271 3911 a
1284 3853 1347 3913 Pe-

313 3955 392 4018 ricle
423 3954 464 4013 ob
496 3952 644 4035 Aspasiae
675 3973 816 4012 amorem
846 3961 877 4013 et
901 3955 942 4015 oh
968 3967 1126 4040 surreptas
1149 3957 1178 4020 ei
1200 3982 1217 4019 a
1238 3961 1348 4043 Mega-

313 4061 458 4128 rensibus
480 4059 612 4148 famulas
635 4079 701 4121 esse
724 4059 922 4122 suscitatum:
