2846 4788
674 299 916 368 ...52-

367 483 460 566 Πρός
477 479 536 564 rori
556 475 701 556 Σόλωνος
723 478 778 544 κοΐ
798 476 987 566 Δράκοντος,
1018 467 1082 540 οῖσι
1100 475 1158 542 νῦν

342 665 346 672 .
367 567 543 672 φράγουσιν
559 579 622 670 ἤδη
641 588 698 662 τὰς
716 609 832 672 κάχρυς
851 592 919 662 τοῖς
937 581 1093 668 κύρβεσιν.

287 695 350 758 Alii
379 695 488 780 legunt
516 691 661 778 κάχχρυς,
689 693 777 780 quod
805 693 902 778 magis
920 691 1050 777 vulgare
1071 689 1207 752 videtur.
1251 686 1337 752 Kais-

285 827 366 888 χρυς
384 803 495 866 melius
519 801 654 888 quadrat
674 803 708 862 in
728 821 854 863 versum
874 809 906 861 et
925 800 1061 882 probam
1089 797 1161 858 satis
1181 795 1337 857 auctori-

289 919 388 972 tatem
413 909 527 980 haben
568 908 658 970 simili
679 907 776 970 modo
797 906 912 990 legitur
933 905 1019 988 apud
1038 905 1230 966 Strabonem
1251 901 1334 966 XV.

289 1038 322 1100 p.
347 1021 435 1081 1063.
466 1009 642 1099 φράγεσθυι
661 1009 799 1097 καθάπερ
820 1011 854 1076 ἐν
875 1007 952 1097 liusq»
973 1014 1030 1085 τάς
1050 1007 1176 1095 κάχρυς.
1224 1011 1334 1094 Leges

294 1122 419 1184 Solonis
449 1122 481 1184 in
511 1131 640 1184 centum
669 1141 768 1184 annos
795 1119 933 1182 sancitae
955 1119 988 1181 in
1009 1117 1131 1180 tabulas
1154 1117 1333 1202 quadratas

291 1228 411 1312 ligneas
431 1228 550 1290 relatae
571 1237 654 1306 sunt,
687 1247 763 1312 quas
790 1217 901 1304 άξονος
921 1235 1047 1304 vocant,
1070 1225 1169 1310 thecis
1191 1225 1334 1288 inclusas

295 1337 458 1418 aliquanto
478 1332 673 1416 longioribus
697 1357 792 1418 quam
812 1333 1010 1418 largioribus,
1031 1333 1064 1392 in
1086 1331 1199 1416 quibus
1220 1341 1335 1394 verte-

193 1449 196 1456 ’
293 1441 425 1518 bantur,
454 1463 645 1524 quamquam
674 1439 836 1502 Plutarchi
865 1450 969 1502 aetate
1002 1448 1113 1502 tenues
1142 1439 1334 1502 exstiterunt

294 1546 449 1632 reliquiae
472 1547 504 1608 in
524 1547 693 1632 Prytaneo.
736 1547 798 1610 Has
820 1543 942 1630 κάρβιις
964 1555 1090 1608 vocatas
1114 1567 1179 1608 esse
1193 1554 1334 1606 testatur

297 1653 494 1720 Aristoteles.
543 1655 689 1718 Cratinus
718 1679 796 1720 vcro
819 1657 896 1718 dicit
916 1679 973 1726 suo
995 1666 1141 1740 tempore
1162 1679 1213 1720 eas
1233 1657 1334 1720 fuisse

299 1760 389 1822 nihili
412 1761 598 1843 aestimatas,
620 1764 665 1825 ita
684 1771 721 1824 ut
741 1763 782 1826 ad
801 1763 954 1828 torrenda
971 1764 1128 1848 legumina
1149 1765 1185 1828 iis
1205 1774 1334 1828 tantum

298 1876 409 1928 utatur
437 1869 583 1952 populus.
637 1867 800 1932 Plutarch.
827 1869 859 1930 in
890 1869 1008 1932 Solone
1038 1893 1067 1936 c.
1090 1870 1268 1936 25.Sch01.
1292 1871 1346 1934 ad⁴

298 1971 460 2058 Aristoph.
489 1975 594 2040 Nubes
620 1993 691 2060 447.
722 1986 755 2042 et
775 1975 951 2040 Hermanni
972 1988 1089 2042 uotam.
1109 1979 1245 2041 Person.
1267 1977 1333 2040 Ad-

298 2101 381 2144 vers.
403 2099 475 2160 οο4.

381 2186 535 2250 Eiusdem
562 2159 695 2252 Solonis‘
715 2191 910 2254 mentionem
932 2191 1010 2255 facit
1032 2191 1178 2275 Cratinus
1199 2191 1233 2256 iu
1258 2193 1332 2257 Chi-

299 2291 432 2356 ronibus
453 2294 605 2356 inducens
628 2318 701 2358 eum
722 2277 802 2358 baec
826 2296 1002 2360 dicentem:

365 2413 398 2462 '2
422 2399 508 2464 Οἰκῶ
531 2399 566 2462 δὲ
589 2401 696 2482 νῆσον,
718 2395 762 2476 οἷς
783 2399 843 2482 μὲν
861 2395 1037 2486 ἀνθρώπων
1060 2401 1164 2488 λόγος,

424 2501 620 2588 ἐσπαρμένος
640 2510 718 2572 κατὰ
738 2508 843 2572 πᾶσαν
867 2505 1009 2587 Αἴαντος
1028 2505 1133 2578 πάλιν.

301 2607 395 2693 Diog.
423 2609 530 2673 Laert.
554 2613 577 2672 Ι.
601 2617 650 2678 62.
671 2645 712 2662 -·
764 2633 773 2643 ·

368 2717 433 2780 ·De
463 2715 633 2790 Clisthenc¹
654 2719 688 2782 in
712 2720 933 2806 Aristophanis¹
948 2723 1090 2788 Nubibus
1110 2725 1181 2806 354.
1201 2734 1333 2808 propter

301 2822 479 2908 impudicos
500 2843 605 2886 mores
627 2825 788 2905 traducto,
808 2840 905 2914 poeta
926 2842 1034 2894 noster
1054 2833 1099 2895 ait
1114 2833 1147 2892 in
1163 2833 1292 2916 Pytine:

381 2935 500 3014 Ληρεῐς
522 2929 618 3014 ἔχων
633 2937 752 3016 γελοῖος
774 2931 863 2998 ἔσται
887 2935 1079 3022 Κλεισθένης
1099 2934 1246 3022 κυβιάοον.

301 3036 385 3102 Vide
405 3039 511 3102 Schol.
534 3039 575 3102 ad
596 3041 756 3126 Aristopb.
779 3045 882 3107 Nubes
896 3047 964 3126 ³54.
979 3047 1087 3130 ibique
1101 3047 1330 3121 Hermannum;

237 3165 240 3174 ¹
302 3144 389 3206 idern
410 3145 499 3208 locus
519 3146 636 3230 legitur
656 3149 741 3233 apud
762 3151 891 3215 Suidam
920 3175 949 3216 v.
971 3153 1184 3230 Κλεισθένους
1206 3147 1332 3240 άκροιτὲ-

301 3271 412 3336 στερος
432 3276 451 3315 a
470 3255 609 3316 Kustero
632 3277 696 3316 non
719 3267 867 3322 accurate
890 3259 1001 3322 editus.
1023 3293 1064 3312 ι-

386 3361 523 3442 Connus,
557 3364 688 3444 tibicen,
718 3389 792 3430 curn
812 3367 844 3427 in
867 3389 922 3430 sua
944 3379 1011 3431 erte
1033 3380 1113 3433 essct
1132 3370 1331 3455 praestantis-

303 3467 408 3547 simus,
431 3469 463 3532 in
485 3493 605 3534 summa
625 3483 732 3536 tamen
751 3485 941 3559 paupertate
962 3475 1098 3557 vivebat,
1119 3479 1164 3540 ita
1186 3487 1222 3540 nt
1240 3501 1332 3564 prae-

302 3583 354 3635 ter
383 3577 529 3656 corollas,
558 3600 633 3664 quas
661 3581 767 3642 victor
794 3581 827 3644 in
849 3583 1073 3646 conaminibus
1096 3585 1221 3646 musicis
1243 3608 1332 3671 saepe

302 3683 432 3762 tulerat,
457 3685 536 3746 nibil
557 3685 687 3750 omnino
707 3687 851 3752 haberet«
902 3691 938 3752 ln
961 3711 1034 3754 eum
1053 3691 1112 3754 hos
1132 3715 1239 3758 versus
1259 3695 1333 3759 fecit

303 3789 470 3854 Cratinus:

271 3877 280 3898 ’
387 3888 496 3960 ’Ἐσθιι
517 3897 572 3962 καὶ
590 3898 633 3985 σῇ
652 3897 766 3982 γαστρὶ
782 3895 870 3990 δάϊον
886 3897 991 3985 χάριν,
1012 3895 1098 3988 άφροι
1119 3921 1153 3967 σε
1178 3905 1268 3986 λιμός

345 4007 348 4018 '
382 4001 527 4090 ἐχθαίρῃ,
550 4005 675 4083 Κοννᾶς
694 4003 728 4071 δὲ
752 4001 988 4093 πολυστὲφονος
1008 4005 1136 4090 νικήσει.
