2846 4788
716 349 958 417 ...78—

325 528 472 616 Hesychii
502 529 604 592 locum
635 547 695 614 pro
719 523 850 593 Ἰλιάσιν
879 525 1046 614 legendnm
1074 529 1257 592 coniecerat
1291 534 1358 615 Δη.

324 635 439 701 λιὰσιν.
488 637 535 699 Ex'
559 637 743 700 Deliadibus
766 637 886 698 Cratini
914 636 1012 698 multa
1037 645 1156 698 exstant
1179 637 1355 721 fragmenta

327 745 427 825 (said.
451 739 578 821 Ῥιιζεῖν.
614 743 748 828 Hesyoh.
777 743 864 817 Βοῦς
891 743 924 806 ἐν
952 737 1061 828 αὐλίῳ.
1091 743 1195 804 δολιολ.
1220 745 1259 804 ad
1282 748 1356 805 Ari-

326 851 429 935 stoph.
447 851 542 932 Vesp.
559 854 626 912 666.
651 850 690 909 ad
708 853 785 910 Aves
810 871 896 932 ¹²94·
918 850 1010 910 Phot.
1031 852 1103 910 Lex.
1123 844 1268 930 Ἐτῆσιοι.
1286 848 1355 913 Ῥα-

325 963 396 1036 ζεῖν.
417 956 530 1018 Athen.
553 957 608 1014 IX.
628 961 696 1038 396.
717 957 752 1015 B.
774 959 829 1018 xl.
853 962 921 1020 501.
956 956 1078 1018 Beklter
1099 958 1131 1016 in
1154 957 1273 1018 Aneod.
1299 963 1352 1018 Gr.

322 1093 354 1150 p.
383 1085 431 1146 94.
464 1087 492 1146 7.
524 1086 555 1145 p.
587 1067 636 1145 96.
668 1082 713 1141 ιλ.
742 1085 773 1144 p.
809 1081 875 1144 129.
910 1064 976 1147 14.)
999 1074 1092 1145 atque
1113 1064 1245 1140 accedit,
1269 1066 1352 1148 quod

323 1173 535 1255 fragmentum
557 1168 677 1228 Cratini
700 1169 738 1228 ab
762 1169 918 1252 Hesychio
941 1180 1109 1246 servatum,
1133 1181 1350 1252 argumentum

323 1279 503 1354 confirmat,
534 1278 620 1362 quod
650 1278 684 1337 in
718 1278 902 1338 Deliadihus
930 1277 1071 1340 invenire
1102 1277 1178 1338 mihi
1200 1279 1349 1350 videbar;

323 1397 491 1470 praeterea
514 1407 551 1446 eo
576 1384 734 1445 lubentius
757 1386 861 1446 resero
882 1384 945 1444 hoc
961 1385 1172 1467 fragmentum
1193 1384 1233 1443 ad
1246 1387 1351 1445 Delia-

325 1495 390 1570 des,
415 1514 478 1576 quo
500 1491 648 1552 similiora
667 1501 740 1551 sunt
760 1492 826 1575 ipsa
842 1491 998 1551 voeabula
1013 1488 1165 1571 Δηλιάδες
1179 1501 1212 1551 et
1228 1485 1351 1566 Ἰλιάδος

324 1600 523 1661 audientibus
545 1621 609 1659 non
631 1600 733 1659 solum
754 1597 809 1658 sed
831 1597 925 1658 ctiam
947 1597 1164 1658 scribentibus.¹
1215 1601 1351 1664 Medium

324 1705 454 1790 aliquod
476 1706 515 1765 ad
538 1706 621 1765 hanc
644 1703 883 1787 corruptionem
905 1703 1140 1786 intelligendam
1156 1707 1290 1786 praebet
1307 1709 1350 1768 lo-

324 1837 377 1874 cus
398 1813 505 1874 Photii
526 1815 598 1873 Lex.
620 1834 649 1872 v.
668 1804 815 1890 Ἔτίῑσιοι,
837 1809 892 1869 ubi
913 1807 946 1868 in
966 1809 1123 1870 nonnullis
1135 1811 1222 1872 MSS.
1238 1813 1350 1896 legitur

323 1915 473 1980 ιλιιλιὰσιν
493 1920 553 2000 pro
578 1912 742 1996 Δηλιάσιν,
765 1915 847 1976 unde
868 1914 978 1998 aliquis
1001 1913 1114 1976 eodem
1136 1917 1204 1986 fers
1227 1919 1297 1980 iure
1322 1932 1349 1982 et

322 2025 495 2086 lectionem
523 2017 678 2104 Δηλιάσιν
710 2031 741 2082 et
759 2015 890 2083 Ἰλιάσιν
915 2021 973 2080 sibi
997 2022 1115 2103 fingere
1137 2035 1252 2105 posest.
1294 2030 1350 2111 lgi-

322 2140 375 2192 tur
405 2129 576 2192 eiiciendus
608 2129 668 2189 erit
689 2127 741 2188 hic
762 2127 872 2188 titulus
896 2149 912 2187 e
937 2127 1115 2188 fabularum
1137 2131 1350 2196 Cratinearum

323 2237 477 2320 catalogo,
501 2236 602 2298 donee
625 2235 702 2295 alius
724 2236 844 2318 probus
867 2233 954 2294 testis
975 2247 1120 2318 repertus
1142 2238 1247 2298 fuerit.

403 2386 555 2472 Κρὴσσοιι
575 2387 660 2471 apud
683 2388 874 2472 Hesychium
898 2387 1085 2450 exhibentur
1108 2393 1146 2468 (v.
1169 2386 1345 2474 Κωνὴσιιιλε

323 2490 488 2573 Αἰσχύλος
508 2491 562 2556 καί
583 2490 934 2577 ΚρατῖνοςΚρὴοσάις.
976 2495 1161 2580 Suspectam
1184 2503 1248 2558 ess'e
1267 2497 1346 2558 hanc

322 2600 474 2678 fabulam,
504 2622 576 2662 cum
608 2600 729 2660 Cratini
757 2621 873 2662 nomen
895 2599 956 2660 hoc
980 2602 1075 2661 unico
1097 2601 1169 2662 loco
1192 2603 1283 2681 ferat,
1303 2605 1347 2663 ri-

325 2711 442 2779 derunt
466 2710 654 2792 interpretes
677 2707 717 2768 ad
739 2707 929 2790 Hesychium
950 2708 970 2768 l.
993 2731 1021 2768 c.
1048 2719 1080 2770 et
1101 2710 1184 2771 hene
1208 2710 1348 2772 couiece-
1408 2719 1409 2790 j

324 2827 410 2895 ruut,
442 2818 540 2878 verba
567 2813 701 2900 legenda
733 2836 798 2876 esse
821 2815 945 2876 inverso
968 2815 1090 2894 ordine,
1115 2815 1169 2892 ita,
1192 2827 1227 2876 ut
1247 2818 1347 2876 fabula
1408 2803 1409 2808 ἵ

325 2925 366 2986 ad
388 2924 576 3008 Aeschylum
598 2923 767 3008 referatur,
789 2922 840 2982 cui
863 2922 966 2984 multis
988 2921 1065 2984 locis
1088 2935 1106 2983 a
1128 2923 1266 2984 Stanleio
1285 2923 1347 2982 col-

324 3031 393 3092 latis
413 3031 601 3094 vindicatur·
779 3010 783 3017 .

407 3181 625 3244 Θετταλῶν
656 3180 861 3246 πολιτεία.
918 3163 1097 3244 Athenheus
1128 3183 1199 3242 XII.
1229 3203 1260 3263 P·
1283 3184 1346 3242 663.

324 3289 378 3350 A..:
398 3283 521 3370 ἱστορεῖ
531 3287 564 3351 δὲ
584 3285 639 3350 καί
658 3287 730 3372 περὶ
748 3289 803 3382 τῆς
825 3286 982 3362 πολιτείοις
1003 3281 1106 3350 αὐτῶν
1127 3287 1181 3350 καί
1199 3287 1348 3367 Κρατῖνος

324 3393 358 3457 ἒν
378 3393 417 3480 τῇ
438 3391 578 3476 πολιτείᾳ
599 3389 712 3456 αὐτῶν.
753 3395 929 3471 „Gratiam
953 3394 1055 3479 quide
1070 3393 1247 3476 Republica
1263 3393 1349 3452 'Haes-

324 3505 460 3564 salorum
489 3501 644 3584 scrzbserit
673 3502 758 3579 alibi,
789 3524 882 3585 quam
909 3505 956 3562 tic
985 3504 1198 3562 necinventus
1220 3501 1306 3560 nobis
1327 3511 1350 3557 et

279 3604 281 3608 ’
315 3611 458 3688 fortasse
487 3610 589 3668 melius
621 3606 755 3690 Κριτίας
784 3610 822 3668 de
850 3631 908 3694 quo
938 3623 966 3670 et
995 3611 1110 3692 politiis
1138 3623 1209 3669 ante
1231 3608 1351 3667 dietum.

325 3715 373 3775 Cf.
398 3713 447 3774 ad
480 3716 535 3774 XI.
566 3737 597 3797 p.
627 3717 695 3791 466.
725 3714 783 3773 Β.“
835 3715 923 3776 Haeo
955 3715 1157 3776 Casaubonus
1190 3714 1230 3774 ad
1250 3713 1352 3773 locum

325 3820 479 3882 Athenaei
503 3820 675 3881 rectissime
696 3830 821 3890 monet;
845 3822 994 3906 exempla,
1016 3823 1128 3906 quibus
1146 3818 1351 3884 demonstrari

326 3937 431 4012 potest
445 3927 573 3987 Critiam
587 3927 743 4010 scripsisse
757 3929 835 3988 Rem
849 3928 1010 4010 publicam
1029 3929 1251 3989 Thessalorum
1263 3948 1353 4012 prae-

326 4043 378 4096 ter
401 4034 621 4098 Casmilmnum
641 4035 831 4117 interpretes
854 4033 1114 4108 anathemem
1140 4035 1210 4096 xll.
1232 4057 1265 4117 p.
1287 4037 1356 4098 663.
