2814 4784
694 313 936 382 ιιι-ΩΟ...-

158 466 162 476 ’
190 568 194 580 ¹
307 497 423 557 locatas
447 489 476 553 iri
497 493 634 555 frontem
655 513 709 555 seu
731 494 927 556 latitudinem
950 502 1097 554 nontam
1120 492 1251 554 diffusas
1277 499 1360 552 ste·-

305 603 390 676 tisse,
420 611 455 660 ut
487 599 569 682 apud
599 600 736 685 reliquos
770 602 921 677 comicos,
956 599 1011 662 sed
1042 609 1178 683 quatuor
1206 607 1354 659 tanturn

303 725 451 788 personas
474 705 654 786 exhibuisse,
678 718 842 791 totumque
865 708 997 770 chorum
1020 729 1037 768 e
1060 706 1198 768 seriebus
1222 703 1354 764 huius-

302 811 388 871 modi
428 833 478 874 sex
520 813 552 873 in
584 812 728 876 ordinem
756 814 921 876 reductum
949 814 1042 875 luisse
1073 834 1133 895 per
1163 809 1350 872 interiores

302 935 414 978 scenae
437 927 554 999 partes.
960 929 962 936 ’

383 1023 495 1084 Sermo
519 1024 640 1085 Cratini
660 1044 758 1106 purus
780 1034 826 1086 est
849 1034 881 1085 et
902 1026 989 1108 quasi
1009 1025 1131 1086 Atticae
1145 1024 1345 1108 elegantiae

304 1129 425 1213 imago;
456 1129 529 1191 inde
563 1129 647 1191 enim
669 1130 788 1190 factum
813 1139 869 1207 est,
893 1139 1012 1190 uttam
1034 1131 1132 1191 multa
1153 1133 1344 1214 fragmenta

301 1236 391 1297 hobis
415 1235 581 1318 supersint,
603 1231 858 1318 quandoquidem
878 1235 1047 1297 laudantur
1067 1259 1085 1296 a
1106 1238 1267 1298 veteribus
1295 1259 1342 1297 eo

299 1342 432 1403 maxime
462 1340 604 1424 consilio,
634 1350 670 1402 ut
690 1363 725 1402 ex
745 1342 843 1402 nostri
866 1352 979 1424 poetae
1002 1364 1114 1424 magna
1138 1341 1338 1404 auctoritate
1380 1415 1381 1418 Ἴ

300 1447 468 1530 genuinam
489 1411 719 1508 vocahulorirm
736 1446 997 1529 significationem
1018 1457 1184 1517 testentur.
1237 1449 1338 1509 Multi
1380 1471 1381 1538 ρ

299 1553 444 1613 veterum
466 1551 600 1634 singulas
624 1553 743 1614 Cratini
767 1554 934 1615 sententias
956 1553 1069 1614 imitati
1090 1563 1163 1614 sunt
1184 1564 1216 1614 et
1236 1555 1332 1614 vario

298 1656 395 1718 modo
423 1669 639 1742 expresserunt
667 1659 776 1737 (Clem.
806 1660 970 1720 Alexandr.
1001 1659 1117 1720 Strom.
1147 1658 1201 1727 Vl.
1231 1657 1331 1736 eth).

298 1763 447 1847 Eupolim
479 1767 700 1848 grammaticus
731 1787 903 1850 anonymus
924 1775 1017 1827 vocat
1038 1765 1167 1828 δυνατῠν
1190 1765 1228 1850 τῇ
1250 1763 1332 1839 λέξα

298 1869 354 1932 καί
381 1872 535 1950 ζηλοῦντα
566 1873 735 1956 Κρατῖνον.
781 1871 1004 1954 Aristophanes
1036 1873 1068 1932 in
1094 1873 1202 1954 primis
1225 1871 1329 1932 Thes-

298 1977 544 2060 mophoriazusis
578 1999 613 2038 ex
641 1977 760 2038 Cratini
790 1977 964 2054 comoedia,
999 2000 1080 2060 quae
1107 1971 1329 2062 Ἐπιπρὰμενοι

297 2083 542 2159 inscribebatur,
563 2084 678 2145 multos
701 2105 807 2146 versus
828 2083 932 2144 hausit
945 2095 976 2146 et
989 2085 1021 2144 in
1036 2107 1123 2144 suam
1139 2106 1207 2144 rem
1223 2077 1328 2144 trans-

296 2189 603 2266 numeremini.
627 2191 742 2252 strom.
766 2191 818 2253 vr.
844 2177 935 2272 inu.
978 2191 1005 2250 Ε
1030 2191 1150 2251 ornan
1167 2193 1326 2274 fragmen.

296 2298 334 2356 tis
357 2317 441 2356 nunc
464 2317 590 2378 quoque
610 2293 723 2357 multos
745 2297 836 2358 locos
854 2297 1001 2356 conferre
1022 2317 1194 2378 possemus,
1217 2297 1241 2355 si
1261 2297 1324 2357 hoc

195 2456 197 2460 .
296 2404 401 2486 magni
419 2401 571 2462 momenti
589 2423 654 2462 esse
672 2401 875 2470 duceremus3
890 2401 1025 2461 sufficiat
1043 2402 1186 2484 igiturex
1200 2404 1323 2466 Graeco

297 2507 389 2568 simul
421 2529 457 2567 ac
487 2507 600 2566 Latino
635 2506 789 2590 scriptore
822 2527 917 2564 unam
948 2507 1117 2568 alteramve
1137 2509 1322 2570 sententium

252 2601 254 2616 '
296 2611 490 2697 protulisse·
515 2611 738 2693 Aristophanes
769 2611 801 2672 in
830 2611 1169 2695 EquitibusiCleonem
1190 2615 1323 2699 loquen-

294 2729 360 2782 tem
381 2715 504 2782 inducit
525 2717 572 2777 his
595 2717 715 2780 verbisr

459 2819 581 2898 Δώσεις
602 2820 676 2903 ἐμοὶ
694 2823 791 2904 καλὴν
811 2822 898 2905 δίκην

456 2926 621 3009 ἰπούμενος
640 2935 707 3003 ταῖς
723 2929 893 3014 εἰσφοραῖς.

254 3093 257 3102 ,
294 3037 386 3121 Apud
412 3035 576 3097 Pollucem
609 3036 641 3096 in
670 3037 785 3098 Onom.
808 3037 876 3098 Vll.
898 3034 1111 3120 4,1.·eadem
1135 3037 1203 3100 fere
1225 3037 1318 3101 verba

296 3163 314 3205 e
339 3141 468 3202 Cratino
491 3141 677 3203 laudantur:
1012 3135 1019 3144 ’

457 3243 578 3322 Δώσας
602 3243 676 3329 ἐμοὶ
693 3249 791 3331 καλὴν
813 3245 901 3331 δίκην

317 3361 342 3414 Ἃ
455 3349 620 3433 ἰπούμενος
641 3361 708 3428 ταῖς
730 3361 918 3439 συμφοραῖς.

292 3462 393 3524 Locus
425 3470 558 3543 uterque
591 3459 761 3522 simillimus
784 3471 816 3523 et
837 3460 922 3522 idem
945 3460 1084 3540 omnino,
1109 3463 1132 3522 si
1158 3462 1199 3523 ad
1220 3462 1316 3524 Scho-

291 3565 412 3626 liastam
442 3565 596 3650 Aeschyli,
626 3589 643 3628 a
676 3567 814 3629 Stnnleio
837 3567 967 3644 editum,
997 3568 1192 3649 respicimus,
1214 3569 1316 3651 quiin

294 3672 357 3733 hoc
397 3675 468 3734 loco
497 3672 723 3756 Aristophanis¹
750 3695 810 3756 pro
842 3672 1003 3757 εἰσφοραῖς
1041 3673 1116 3756 legit
1147 3683 1319 3757 συμφοραῖς

296 3779 350 3856 (ad
369 3778 595 3840 Prometheum
617 3801 645 3841 v.
667 3781 768 3855 ³65.);
803 3799 882 3860 quae
903 3777 1039 3847 lection
1062 3778 1159 3870 Suidp
1180 3803 1210 3840 v.
1235 3779 1319 3842 ἰσου-

295 3907 386 3964 μενος
419 3893 451 3944 et
478 3885 579 3966 Etym.
603 3886 646 3946 Μ.
668 3885 834 3966 probatur,
866 3905 884 3944 a
909 3886 1032 3946 Zonara
1054 3884 1131 3947 aliis.
1174 3885 1221 3946 cf.
1242 3887 1319 3952 Diu..

293 3993 375 4058 dori.
398 3991 556 4076 Aristoph.
578 3991 713 4078 Equites
729 3996 799 4074 93¹·
1249 3987 1250 3992 ’
