2846 4788
709 361 950 430 ...88-

315 547 487 631 exemplum
519 547 624 622 docet,
657 569 716 608 nec
741 548 904 608 maximam
926 543 1053 630 quidem
1076 541 1281 604 acerbitatem
1305 543 1341 602 in

313 676 407 714 scena
441 652 498 713 sibi
532 653 649 712 illatam
678 675 771 735 aegre
799 661 992 735 acceperunt
1013 671 1071 711 nce
1092 649 1202 710 saltem
1222 657 1340 731 poetae

261 763 270 772 ”
312 761 407 842 paulo
429 758 592 820 audaciori
606 767 741 819 mortem
759 757 968 818 decreverunt
982 755 1176 818 democratia
1189 753 1337 832 florente,

311 865 493 948 impediant,
516 864 658 940 omnino,
685 865 850 946 quominus
873 860 991 948 aliquid
1012 861 1206 922 auctoritatis
1225 861 1258 920 iu
1278 861 1337 921 illis

309 992 430 1054 ponere
443 973 602 1054 possimus.
644 971 840 1032 Alcibiadem
852 971 936 1031 enim
947 991 1011 1030 non
1020 967 1167 1034 solumah
1175 967 1333 1050 Eupolide

308 1079 341 1136 in
364 1099 458 1139 scena
478 1078 617 1160 graviter
633 1077 815 1138 traductum
827 1098 904 1153 esse,
924 1076 1058 1137 aliorum
1072 1075 1267 1136 comicorum
1284 1099 1334 1138 ex-

308 1185 411 1268 empla
433 1186 506 1246 satis
528 1183 708 1253 declarant;
728 1193 872 1244 nostrum
892 1205 968 1244 vero
982 1191 1110 1266 poetam
1124 1181 1225 1243 minus
1243 1203 1332 1243 usum

261 1367 264 1375 Ι
307 1313 373 1352 essc
401 1292 585 1368 acerbitate,
615 1311 709 1373 quam
729 1289 864 1349 ridiculo
886 1288 1023 1372 quodam
1046 1297 1078 1350 et
1097 1288 1231 1365 comico,
1246 1289 1332 1372 quod

305 1395 436 1480 proprie
458 1395 584 1472 dicitur,
599 1416 715 1479 genere
733 1394 870 1472 dicendi,
885 1395 978 1456 certis
993 1405 1137 1458 veterum
1147 1394 1330 1458 testimoniis

307 1502 398 1582 nisus,
420 1499 481 1560 alio
505 1500 576 1561 loco
600 1500 772 1562 observavi.
814 1500 984 1562 Praeterea
1008 1500 1132 1563 accedit
1151 1499 1267 1562 Suidae
1282 1500 1329 1560 lo·

305 1629 371 1684 cus,
394 1607 458 1690 qui,
471 1587 516 1667 ¹ut
536 1606 612 1666 mihi
634 1607 760 1690 quidem
782 1607 908 1668 videtur
931 1629 965 1669 er
982 1609 1074 1668 honis
1094 1607 1233 1670 fontibus
1252 1607 1329 1668 hau-

304 1723 377 1790 stus,
400 1713 514 1775 diserte
535 1714 644 1791 tradit,
665 1715 814 1798 Eupolim
835 1714 867 1775 in
887 1715 972 1775 bello
991 1724 1102 1776 contra
1118 1713 1328 1776 Lacedaemo-

244 1878 250 1903 ἱ
303 1821 371 1880 nios
394 1821 555 1903 naufragio
576 1818 707 1903 periisse
730 1820 762 1879 in
780 1819 983 1902 Hellesponto
998 1831 1030 1882 et
1045 1820 1128 1881 hauc
1146 1821 1186 1881 ob
1204 1841 1328 1881 causam

301 1927 404 2009 legem
438 1926 534 1989 latam
572 1948 637 1987 esse
674 1927 713 1990 ab
744 1925 996 2003 Atheniensibus,
1032 1925 1205 1988 secundum
1234 1948 1326 2010 pam

301 2032 380 2092 nulli
402 2041 517 2116 poetae
538 2031 665 2093 licuerit
686 2033 718 2092 in
740 2039 903 2116 posterum
924 2031 999 2092 belli
1022 2031 1152 2116 gerendi
1173 2053 1240 2093 esse
1253 2053 1325 2116 par-

302 2139 399 2222 ticipi.
450 2137 565 2200 Suidae
599 2142 638 2216 (v.
663 2129 810 2212 Εὔπολις)
836 2138 923 2198 haud
946 2138 1042 2200 dubie
1062 2137 1155 2198 huius
1178 2137 1253 2220 legis
1275 2159 1326 2196 ar-

300 2257 485 2330 gumentum
507 2247 744 2308 obversabatur.
791 2244 1060 2306 Praeclarissimo's
1091 2253 1200 2328 poetas
1224 2244 1323 2326 patria

298 2353 330 2413 in
351 2353 543 2416 terribilibus
574 2353 721 2436 arigustiis
744 2361 899 2428 versante,
922 2373 1042 2414 summo
1066 2350 1237 2413 discrimini
1257 2371 1322 2410 sese

298 2459 456 2532 obtulisse,
486 2460 630 2544 Aeschyli
663 2459 860 2543 aliorumque
891 2458 1032 2541 exemplo
1055 2466 1195 2527 constat;
1227 2455 1320 2518 Athe-

299 2565 421 2624 nienses
450 2575 557 2624 autem
578 2577 705 2626 mortuo
731 2567 859 2627 Cratino
882 2563 1047 2646 Eupolidis
1067 2563 1320 2646 praestantissimi

296 2671 413 2732 comici
446 2670 577 2731 interitu
607 2671 744 2753 graviter
774 2669 905 2731 afllictos
935 2671 974 2731 ad
997 2671 1093 2733 talem
1115 2671 1217 2752 legem
1235 2659 1323 2730 ‘reln-

296 2777 375 2859 gisse
398 2798 434 2840 ex
455 2776 633 2838 incredibili
654 2777 907 2860 spectaculorum
924 2777 1070 2842 aviditate
1090 2776 1194 2860 colligi
1208 2785 1318 2860 potest

293 2883 459 2968 Religione
488 2893 568 2945 uota-
594 2883 730 2968 permoti
753 2882 916 2967 Eupolidis
942 2885 1081 2967 corpori,
1104 2906 1121 2947 e
1143 2885 1223 2946 mari
1244 2905 1321 2946 coa-

296 2993 420 3075 qnisito,
440 2994 612 3078 gloriosum
636 2995 768 3077 exegisse
788 2994 936 3055 videntur
956 2996 1136 3076 sepulcrum
1155 3005 1188 3058 et
1207 3017 1320 3056 monu-

262 3122 265 3128 ·
292 3109 444 3176 mentum,
467 3103 554 3162 cuius
575 3102 719 3163 meminit
737 3103 906 3164 Pausanias
930 3102 962 3162 in
985 3101 1193 3162 Corinthiacis
1215 3102 1272 3181 (ll.
1291 3122 1317 3160 e.

293 3208 334 3286 7.)
365 3204 482 3284 dicens,
515 3218 587 3289 post
615 3208 693 3291 Lyci
722 3218 965 3268 monumentum
992 3217 1079 3269 trans
1110 3210 1249 3291 Asopum
1281 3207 1321 3269 ad

293 3311 434 3372 dextram
456 3313 648 3396 Olympium·
660 3335 725 3374 esse
742 3313 782 3374 ad
797 3311 917 3373 laevam
934 3314 1115 3394 sepulcrum
1129 3325 1319 3378 exstructum
1406 3345 1407 3360 κ

292 3440 357 3480 esse
380 3417 528 3500 Eupolidi
551 3418 743 3500 Atheniensi,
766 3418 1003 3480 comoediarum
1026 3419 1175 3504 scriptori
1199 3415 1319 3500 (nent.

289 3525 354 3585 tros
370 3518 527 3610 Ἀθηναύρ
549 3519 906 3609 ποιῆσαντνκωμῳὸιίιν.
948 3525 1131 3610 Legendum
1152 3527 1239 3592 haud
1260 3528 1319 3591 dn-

287 3629 341 3689 bio
365 3625 551 3713 xwprpdrhsg).
584 3629 642 3688 Hic
663 3628 750 3690 locus
774 3649 792 3690 e
813 3629 966 3692 Pausania
987 3631 1163 3717 descriptus
1187 3635 1317 3696 omnino

288 3733 406 3794 refutat
434 3733 621 3830 sputentiam
652 3734 790 3810 illorum,
819 3735 927 3817 quiin
951 3737 1088 3800 Siciliam
1108 3751 1238 3822 poetam
1258 3763 1318 3803 no-

287 3851 388 3902 strum
413 3850 540 3902 vectum
567 3863 633 3904 esse
654 3842 854 3924 perhibeant,
876 3865 912 3906 ex
934 3868 996 3928 qua
1018 3847 1215 3930 expeditione
1237 3869 1319 3932 quo-

287 3945 383 4008 modo
413 3945 445 4004 in
474 3945 727 4028 Peleponnesum
756 3947 866 4010 allatus
895 3960 988 4034 atque
1017 3954 1163 4036 sepulcro
1186 3964 1319 4016 ornatus

285 4051 392 4129 soei-s,
415 4051 543 4114 ausen
566 4062 613 4115 ea
634 4051 816 4126 interiectu
841 4075 879 4118 es
891 4059 1088 4140 prensans
1105 4062 1177 4144 esu,
1195 4083 1269 4126 nm
1287 4063 1319 4127 sn
1404 4037 1405 4060 ³
