2846 4788
470 364 716 436 ...09-
1091 419 1101 452 ο

7 591 10 602 ·
80 575 133 618 mr
146 552 257 621 Ικακόν.
299 557 446 636 lntorpr.¹
459 550 500 612 asl
518 549 598 612 Poll.
622 551 690 613 Vll.
713 551 794 632 ΒΡ),
810 541 976 634 Arlapa
989 547 1106 630 (Schol.

7 715 8 720 ,
80 663 122 724 ad
140 661 298 746 Aristoph.
318 662 399 722 nub.
414 659 525 741 asp),
547 657 578 718 in
602 656 730 718 diversis
752 653 932 716 nominibus
947 657 1006 717 viri
1022 655 1108 718 docti

79 789 172 852 saepe
195 769 333 831 diversas
357 764 478 826 Cratini
509 762 689 825 comoedias
712 760 845 822 inveniri
865 761 1106 832 arbitrarentur,

81 861 251 952 Quomodd
285 893 377 936 error
411 881 502 934 ortam
526 870 566 932 sit
596 871 629 930 in
660 867 825 931 comoedia
842 861 977 953 ’Eps‘pssoa
996 869 1109 930 inscri-

78 981 194 1058 benda,
227 979 319 1041 facile
351 999 515 1061 possumus
543 977 719 1060 intelligere
751 998 787 1038 ex
815 977 888 1038 loco
911 974 1057 1058 Hesychii
1077 997 1107 1035 v.

78 1087 185 1170 Γραῦς
206 1077 344 1169 Ἔριφος,
365 1085 421 1148 ubi
444 1084 620 1145 litterarum
640 1085 670 1146 Σ
678 1083 768 1167 prior
779 1082 989 1166 posteriorem
1008 1103 1109 1143 enun-

78 1184 216 1256 ciatione
239 1190 365 1253 delevit.
407 1181 590 1275 Legendum
611 1199 657 1252 est
679 1189 785 1274 Γραῦς
805 1187 949 1274 Σέριφος,
971 1200 1008 1252 ut
1019 1197 1108 1252 recte

78 1299 191 1392 hahet]
208 1297 333 1375 Snidas,
363 1295 448 1359 unde
469 1297 641 1382 Hesychius
664 1295 887 1358 emendandus.
931 1297 994 1376 Qui
1018 1317 1109 1358 erro-

78 1429 148 1470 rem
168 1426 232 1468 non
254 1403 556 1481 animadverterunt,
581 1403 709 1465 titnlnm
730 1413 858 1466 nostrae
871 1404 997 1466 fabulas
1010 1401 1108 1465 latine

43 1579 50 1596 ,
79 1511 218 1580 reddunt
247 1509 344 1572 modo
386 1511 526 1590 Virgines
553 1511 667 1572 vetulae
694 1508 790 1572 modo
819 1511 932 1574 Hocdi.
986 1507 1109 1572 Cratini

7 1689 8 1692 Ἴ
81 1617 246 1680 comoedia
268 1637 385 1680 nomen
409 1615 495 1678 duxit
518 1637 536 1676 a
555 1614 703 1698 Seripho,
728 1614 767 1676 de
790 1638 852 1699 qua
872 1614 1046 1675 Scholiasta
1068 1611 1110 1680 ad

77 1724 218 1788 Platonis
244 1723 393 1784 Politiam
425 1724 448 1784 l.
478 1741 548 1803 410.
575 1723 613 1782 G.
634 1721 713 1783 baec
736 1720 828 1782 dicit:
850 1717 994 1804 Σέριφος,
1012 1720 1109 1800 νῆσος

78 1829 137 1909 μία
164 1832 228 1894 τῶν
252 1825 428 1893 Κυκλάδων
457 1827 512 1890 καὶ
537 1823 629 1904 πῦλις
661 1827 694 1890 ἐν
724 1820 813 1914 αὐτῇ·
844 1823 874 1890 oi
902 1825 987 1903 dis}
1011 1809 1108 1906 udaie

76 1935 230 2020 Σερίφιοι,
258 1938 343 2000 unde
372 1940 509 2022 genasina
538 1939 702 2022 inscriptio
736 1950 869 2025 apparet
888 1936 1040 2025 Σερίφιοι,
1068 1939 1109 2002 ad

78 2065 175 2126 qaam
197 2043 368 2104 revocandi
389 2054 422 2104 et
446 2044 634 2104 emendandi
655 2055 728 2106 sunt
747 2046 861 2130 reliqui
879 2047 941 2108 loci
953 2047 1107 2131 corrupti.

79 2147 225 2210 Eandem
263 2167 371 2207 veram
410 2147 579 2208 lectionem
608 2151 775 2211 confirmat
804 2151 915 2211 Suidas
944 2145 1116 2234 ’Apopyot'ss

76 2254 160 2318 Poll.
188 2254 257 2315 Vll.
287 2258 336 2334 69.
364 2255 404 2313 X.
431 2257 497 2316 156.
521 2251 690 2344 Hephaest.
714 2253 844 2315 Encbir.
864 2278 896 2338 Ρ.
919 2258 967 2336 89.
990 2259 1019 2317 8.
1043 2255 1109 2316 lle-

76 2361 164 2446 sycb.
190 2355 578 2444 Διονυσοκουροπυρώνην.
600 2359 692 2422 Phot.
717 2363 789 2423 Lex.
810 2358 978 2444 Σταθερόν.
1017 2364 1109 2426 Τελε-

43 2471 50 2480 ’
77 2467 205 2532 acathos.
231 2467 364 2530 Belslrer.
391 2467 510 2528 Anecsl.
545 2491 590 2552 gr.
620 2491 652 2552 Ρ.
683 2472 734 2547 85,
765 2488 793 2533 a.
824 2475 967 2551 444.16.
1009 2470 1108 2532 Recte

78 2575 288 2652 llcrmanuus,
310 2595 383 2635 cnm
404 2574 610 2636 Solsoliastam
633 2575 673 2636 ad
686 2575 903 2660 Aristophanis
916 2577 1109 2648 Nubescdc-

75 2691 130 2743 ret
156 2682 191 2742 in
224 2702 317 2743 versu
338 2685 420 2764 687„
443 2677 498 2741 nbi
519 2677 648 2764 Κράτης
668 2680 702 2744 ἐν
726 2675 910 2768 Λεῤῥιφίοις
931 2684 1107 2769 legebatur,

76 2789 235 2870 Κρατῖνος
262 2788 297 2852 ἐν
383 2783 480 2872 ιφιόις
510 2787 647 2871 imprimi
677 2790 819 2868 curabat,
853 2799 889 2851 ut
921 2789 984 2852 iam
1013 2799 1108 2851 antea

77 2895 281 2957 emendatum
312 2915 366 2956 era
409 2915 427 2956 c
457 2893 563 2956 Schol.
589 2895 628 2955 ad
655 2895 750 2980 Vesp.
780 2903 855 2976 74*
882 2893 1034 2982 Fabulam
1066 2893 1107 2955 de

74 3002 194 3062 Perseo
220 3023 238 3060 a
257 3002 357 3084 poetis
378 3001 473 3085 epicis
496 3010 528 3062 ct
548 3001 674 3084 tragicis
703 3002 776 3062 satis
797 2997 989 3061 celebratam
1009 3019 1107 3081 paro·-

75 3105 132 3168 dia
161 3104 267 3166 lusisse
297 3115 330 3168 et
358 3129 393 3168 ex
422 3105 531 3169 incolis
562 3107 691 3183 insulae,
720 3105 761 3166 ad
791 3127 886 3188 quiam
912 3105 1105 3187 pertinebat,

10 3221 15 3230 '
74 3211 213 3274 chorum
240 3212 435 3273 constituisse
463 3212 590 3274 videtur
620 3209 823 3276 Cratinus'in
845 3208 906 3270 hac
927 3209 1104 3289 comoedia,

74 3282 159 3401 quie
188 3316 264 3378 iude
292 3317 511 3400 Seriphioram
539 3339 655 3380 nomeu
683 3316 824 3398 {accepit
869 3317 986 3378 Fontes
1013 3315 1106 3379 huius

75 3423 217 3501 fabulae,
248 3424 302 3507 qni
333 3423 420 3485 adire
453 3425 550 3508 cupit,
573 3424 661 3486 locos
694 3421 837 3492 classicos
866 3421 998 3482 habebit
1019 3423 1105 3506 apud

74 3530 249 3594 Hesiodum
266 3531 298 3592 in
323 3530 485 3622 Theogon.
503 3551 586 3614 27⁰·›
609 3531 640 3590 in
655 3530 752 3618 Scuto
777 3526 1023 3605 Herculianas,
1054 3551 1104 3612 ap.

75 3637 295 3719 Pherecydem
316 3659 334 3697 a
354 3635 461 3697 Sobol.
485 3627 529 3698 ad'
545 3637 712 3720 Appollon.
735 3634 836 3698 Rhod.
858 3635 1030 3718 Argonaut.
1050 3637 1103 3698 lV.

76 3747 167 3808 1515·
191 3743 366 3819 laudatum,
395 3742 625 3826 Apollodorum
653 3742 685 3804 iu
717 3741 868 3802 Biblioth.
899 3743 937 3802 ll.
963 3763 990 3802 c.
1021 3763 1049 3822 4.
1073 3751 1106 3804 ct
1235 3809 1237 3816 ,

75 3850 235 3933 Hoynium
264 3849 297 3910 in
330 3850 421 3912 Obss.
450 3874 481 3932 Ρ.
515 3855 582 3915 123·
614 3871 692 3933 sqq„
723 3845 912 3932 Aeschylum
943 3848 974 3908 in
998 3849 1106 3912 fabula

76 3953 230 4036 Φορκίδες
258 3957 410 4042 inscripta
436 3959 487 4036 (cf.
517 3957 736 4020 Welclserum:
757 3955 868 4018 Ueber
891 3955 942 4018 die
965 3957 1105 4039 Trilogie

75 4060 142 4126 des·
159 4063 367 4130 Prometheus
395 4088 427 4148 Ρ.
452 4066 538 4148 279.)
569 4073 601 4127 et
620 4063 652 4126 in
673 4063 865 4128 Prometheo
885 4063 991 4128 vincto
1015 4083 1103 4148 79²⁴
