2814 4784
454 335 511 376 ··--
553 314 606 402 'es
655 362 704 378 -

68 511 170 574 oculis
200 511 434 599 comparandis,
475 522 622 598 propter
638 515 803 590 electrum,
835 533 871 588 ex
898 516 960 600 quo
985 513 1096 596 priscis

68 619 266 702 temporibus
299 621 375 681 facti
417 629 518 696 erant,
550 610 684 702 dissime
704 619 881 698 nominatis,
910 621 1098 696 constitisse,

67 724 175 809 colligi
195 736 309 808 potest.
351 727 496 786 Fortasse
517 725 618 786 lusum
638 725 744 808 posuit
766 734 862 808 poeta
883 723 915 784 in
935 726 1096 790 vocabulis

66 828 202 915 ἔκλυρον
227 841 259 894 et
276 833 476 914 παραληρεῖν.
516 827 603 892 Haec
622 831 784 892 hactenus.

151 939 311 1019 Sequente
341 957 423 997 anno
454 936 538 998 idem
566 937 722 1015 Cratinus,
755 957 849 1022 quem
872 935 1096 1020 Aristophanes

66 1037 242 1126 περιὲῥρειν
278 1051 310 1102 et
336 1045 440 1125 ληρεῖν
462 1041 556 1104 ferias
584 1043 681 1126 igitur
709 1065 813 1126 agera,
842 1053 876 1104 et
904 1065 953 1107 res
974 1044 1096 1127 ineptas

66 1157 210 1208 tractare
233 1147 359 1227 dixerat,
383 1149 518 1212 ostendit
535 1139 789 1227 Atheniensibus,
805 1170 996 1233 quamquam
1015 1149 1096 1210 vires

66 1253 285 1314 musculorum
306 1257 447 1340 corporis
467 1267 602 1342 propter
621 1266 764 1342 vegetam
785 1266 817 1319 ct
835 1255 1030 1339 decrepitam
1048 1277 1098 1316 se·

68 1344 230 1422 nectutem
250 1362 410 1446 paulisper
430 1363 590 1426 habitatae
614 1365 686 1442 sint,
707 1363 868 1444 ingenium
888 1370 995 1424 tamen
1017 1361 1098 1422 intc-

66 1465 209 1548 gerrimis
232 1468 349 1530 viribus
371 1491 556 1554 summoque
576 1471 684 1555 vigore
705 1470 884 1554 praeditum
908 1491 983 1532 esse.
1017 1468 1096 1530 Nam

65 1572 120 1634 ille
149 1595 242 1636 senex
274 1577 446 1660 nonaginta
474 1577 614 1640 sensere
639 1597 804 1652 annorum,
827 1575 955 1636 iuvenili
978 1576 1095 1638 robore
1187 1630 1194 1640 .

62 1680 238 1742 instructus
258 1703 331 1744 eum
352 1683 561 1766 Aristophane
583 1683 761 1745 adversario
785 1691 964 1744 certaturus
979 1681 1010 1742 in
1024 1701 1096 1744 are-

64 1807 139 1846 nam
162 1787 324 1849 descendit
354 1811 542 1874 omnemque
575 1811 684 1852 curam
712 1787 876 1872 impendit,
897 1797 1018 1852 utnon
1041 1808 1094 1848 so-

63 1892 131 1954 lum
163 1893 379 1956 adversarium
406 1917 498 1958 suum
530 1896 688 1958 acerbiori
719 1894 854 1977 flagello,
884 1878 979 1979 quam
1009 1893 1095 1977 apud

60 1997 152 2058 illum
172 2021 291 2081 poenas
313 1979 456 2078 dederat,
477 2011 724 2084 persequeretur
739 2024 847 2064 coram
859 2001 979 2086 populo
997 1998 1096 2065 Athe-

60 2103 229 2178 niensium,
263 2103 318 2162 scd
343 2104 438 2164 etiam
462 2106 630 2166 victoriam
650 2116 841 2187 reportaret.
896 2108 1006 2188 Neque
1027 2125 1097 2187 spes

62 2229 138 2268 eum
163 2206 284 2268 fefellit.
344 2209 469 2270 Tertius
504 2210 598 2270 huius
631 2211 810 2274 certaminis
840 2209 999 2294 particeps
1027 2218 1097 2269 erat

60 2311 224 2396 Amipsias.
266 2313 306 2374 At
330 2312 473 2378 docuisse
494 2315 737 2400 Aristophanem
757 2316 862 2380 Nubes
886 2335 970 2378 anno
990 2313 1095 2398 primo
1119 2372 1127 2386 ,

63 2418 260 2504 Olympiadis
293 2422 503 2502 octogesimae
533 2445 647 2500 nonae,
668 2422 830 2485 Archoate
854 2420 993 2500 learcho,
1014 2421 1108 2482 Dio..

63 2525 170 2609 nysiis,
199 2535 333 2588 testatur
358 2528 498 2610 primum
530 2537 620 2591 vetus
643 2529 781 2614 scriptor
802 2529 834 2592 in
856 2527 1096 2592 enumeratione

64 2632 301 2718 Olympiadum,
332 2636 447 2698 deinde
480 2638 703 2722 grammaticus
730 2658 904 2722 anonymus
937 2633 969 2698 in
1000 2653 1095 2717 argu-

59 2751 171 2804 mento
199 2751 283 2803 sexto
298 2741 529 2828 Aristophanis
553 2745 694 2808 Nubibus
726 2745 865 2827 praefixo
893 2750 925 2803 ct
956 2739 1095 2822 denique

60 2846 237 2909 Scholiasta
258 2847 298 2910 ad
320 2851 424 2912 Nubes
450 2873 479 2918 v.
503 2855 572 2915 528.
595 2851 643 2912 ed.
666 2851 787 2929 Herm,
807 2869 907 2933 porro
930 2846 1096 2908 Cratinum

62 2953 180 3015 exhor
204 2955 376 3018 certamine
398 2958 536 3040 palmam
558 2959 712 3036 retulisse,
746 2977 849 3040 neque
872 2975 942 3015 eam
966 2952 1004 3014 de
1028 2973 1093 3012 nno

62 3057 272 3139 Aristophane
295 3063 350 3124 sed
371 3063 410 3126 de
432 3065 569 3148 Amipsia
590 3086 727 3148 quoquc,
750 3063 794 3124 ita
819 3058 962 3144 quidem,
972 3067 1008 3120 ut
1020 3058 1093 3120 Ari-

63 3161 230 3244 stOPhsssseS
254 3194 318 3234 non
336 3171 443 3234 solum
465 3170 658 3232 deteriorem
675 3167 892 3231 conditionem
904 3174 1093 3247 sequeretur

65 3275 121 3340 sed
149 3275 290 3338 iudicum
317 3277 477 3340 sententiis
508 3277 634 3360 utrique
658 3285 771 3360 poetae
804 3272 1002 3357 posthabitus
1024 3295 1093 3332 ma-

64 3405 137 3468 gnas
158 3403 277 3466 poenas
301 3383 390 3446 daret
414 3393 548 3468 propter
578 3405 667 3444 suam
694 3380 851 3465 gloriandi
872 3388 905 3442 et
926 3375 1094 3440 cavillandi
1207 3411 1211 3430 ι

63 3489 253 3574 cupidinem.

141 3596 263 3660 Cratini
283 3595 402 3673 fabula,
424 3618 504 3680 quae
528 3588 548 3678 ἦ
570 3592 693 3674 Πυτίνῃ
715 3591 957 3669 inscribebatur,
980 3589 1091 3653 admo-

64 3704 137 3765 dum
158 3705 319 3766 celebrata
341 3713 410 3764 erut
428 3713 563 3787 propter
583 3723 720 3779 eausam,
743 3723 805 3783 qua
824 3709 988 3784 permotus
1013 3697 1092 3758 Cra-

66 3811 146 3870 tinus
168 3811 199 3896 in
228 3831 355 3872 scenam
376 3810 497 3893 prodiit
520 3820 552 3870 et
569 3817 704 3892 propter
727 3805 922 3888 decrepitam
946 3816 1093 3868 senectu-

62 3925 134 3991 tem,
156 3939 262 3999 quam,
284 3939 357 3978 cum
379 3917 464 3978 illam
486 3923 705 4000 componeret,
730 3923 886 3976 assecutus
913 3922 992 3974 erat.
1035 3912 1091 3972 Ti-

64 4022 145 4086 tulus
176 4023 269 4088 huius
299 4024 426 4089 fabulae
457 4023 609 4089 convenit
637 4031 832 4107 argumento.
895 4017 1017 4100 Πυτίνῃ
1048 4027 1096 4081 cst
