2846 4788
476 369 620 442 -,95
669 399 718 414 ...-

84 573 150 614 non
179 560 313 638 propter
340 552 453 637 Baptae
484 555 600 616 acerba
629 560 662 615 et
682 560 884 637 praematura
904 561 1008 616 morte
1028 553 1114 616 Alci-
1214 617 1236 658 ,ἱ

82 658 179 721 blada
201 660 330 722 iubente
350 659 516 737 interiisse,
532 682 568 722 ex
584 659 631 737 iis,
654 683 733 744 quae
748 681 843 742 supra
858 657 1016 742 disputata
1029 669 1113 738 sunt,

83 766 207 838 elucet;
234 766 297 828 boc
327 767 401 828 loco
432 767 493 828 alia
513 767 656 852 quaestio
677 767 782 829 oritur
802 765 842 828 de
863 776 1052 857 argumento
1078 789 1114 829 ex

79 884 199 956 poetae
212 873 312 935 nostri
326 873 507 956 fragmentis
523 883 729 956 veterumque
743 872 928 934 testimoniis
947 872 1113 948 eliciendo.

81 981 260 1064 Pleraeque
294 981 493 1042 Graecorum
531 979 684 1059 civitates,
719 979 862 1064 inprimis
883 965 1113 1056 Athenienses,

82 1087 140 1172 qui
162 1107 235 1148 cum
256 1086 453 1150 coloniarum
474 1109 492 1149 e
516 1097 671 1172 prytaneo
692 1109 748 1148 suo
772 1088 954 1149 emissarum
970 1087 1115 1183 multitu-

83 1193 172 1271 dine,
194 1203 263 1254 tum
284 1193 500 1256 dominatione
523 1199 617 1278 atque
632 1194 746 1256 finibus
762 1217 780 1254 a
795 1193 993 1277 Propontide
1014 1215 1114 1276 usque

84 1301 127 1363 ad
148 1303 294 1387 Gyrenen
325 1300 456 1362 extensis
479 1309 511 1364 et
529 1301 711 1385 propagatis
732 1301 869 1385 reliquas
889 1321 998 1362 omnes
1021 1321 1115 1384 supe-

83 1408 211 1486 rabant,
240 1406 404 1491 Eupolidis
426 1407 621 1491 temporibus
643 1409 801 1493 permulta
823 1430 912 1470 saera
935 1419 967 1470 et
988 1408 1116 1492 religio-

83 1534 142 1575 nes
156 1514 357 1592 exercebant,
375 1536 536 1598 novosque
555 1514 630 1578 deos
648 1515 834 1603 asciverant,
853 1515 966 1598 quibus
984 1524 1116 1574 noctur-

83 1641 141 1680 nas
171 1621 426 1706 pervigilationes
457 1622 622 1684 instituere
644 1643 759 1704 easque
780 1643 894 1703 magno
916 1643 989 1681 cum
1012 1620 1116 1686 studio

83 1727 251 1789 celebrare
273 1728 426 1788 solebant.
469 1729 667 1788 Graecorum
690 1726 838 1810 mysteria
863 1739 937 1786 cum
959 1726 1117 1808 antiquio-

84 1834 176 1895 ribus
195 1833 392 1916 temporibus
413 1833 456 1893 ita
478 1843 582 1894 essent
603 1834 783 1910 constituta,
805 1841 851 1910 ut,
874 1832 900 1892 si
919 1831 1117 1910 methodum,

85 1962 152 2024 qua
172 1939 267 2000 iniis
289 1937 487 2000 celebrandis
509 1939 559 1998 usi·
578 1949 662 2015 sunt,
685 1939 813 2000 minime
835 1939 1018 2022 probamus,
1040 1940 1118 2023 quin

84 2065 209 2108 summo
230 2043 361 2104 numine
382 2044 511 2104 omnino
534 2044 695 2126 indignam
715 2045 879 2122 habemus,
900 2045 1021 2106 bonum
1039 2067 1118 2106 con-

85 2150 192 2212 silium
218 2149 377 2230 finemque
405 2147 496 2211 valde
525 2148 717 2210 laudabilem
745 2161 955 2233 sequerentur
983 2151 1039 2227 illi,
1063 2151 1120 2232 qui

84 2255 162 2340 ipsis
191 2255 305 2316 initiati
327 2265 429 2335 erant,
457 2265 626 2341 praeterea
643 2233 802 2340 permulta
825 2257 935 2318 eximia
957 2256 1119 2340 peperisse

86 2372 185 2445 atque
212 2362 245 2422 in
276 2360 372 2424 vitam
401 2362 576 2440 hominum,
612 2384 690 2447 quos
720 2384 755 2426 ex
782 2363 896 2448 agresti
925 2361 1119 2446 immanique

87 2480 173 2532 statu
195 2471 332 2533 excultos
354 2471 394 2532 ad
415 2471 645 2532 humanitatem
667 2481 699 2534 et
719 2472 877 2556 mitigatos
897 2471 1120 2550 reddiderunt,

85 2577 282 2639 transtulisse
302 2577 487 2640 videantur:
510 2577 647 2640 inductis
672 2588 777 2640 tamen
797 2588 999 2641 externorum
1015 2602 1121 2666 popu-

87 2684 195 2745 lorum
218 2684 305 2746 festis
337 2694 370 2747 ct
395 2685 554 2748 sacrificiis
581 2685 690 2746 foedas
721 2684 866 2747 libidines
890 2686 1061 2748 arctissime
1085 2687 1121 2746 iis

87 2791 287 2852 coniunctas
303 2792 336 2852 in
363 2813 467 2853 mores
497 2793 666 2855 iuventutis
695 2791 861 2854 hominum
882 2793 1013 2856 stultitia
1034 2793 1123 2876 quasi

86 2898 186 2962 furias
209 2897 359 2981 quasdam
384 2895 519 2962 immisit'
534 2908 566 2961 et
587 2900 737 2961 incitavit.
788 2901 853 2960 Ne'c
874 2907 980 2959 tamen
1003 2897 1047 2958 dii
1072 2920 1124 2960 ex·
1206 2917 1208 2920 ·

88 3003 187 3081 terni,
219 3005 359 3088 quamvis
387 3005 592 3088 religionibus
614 3005 740 3068 summis
763 2995 914 3066 celebriti
935 3004 1124 3088 templisque

89 3109 352 3172 artificiosissimis
374 3112 490 3188 ornati,
511 3135 585 3174 cum
606 3111 734 3195 reliquis
758 3110 815 3171 diis
836 3109 989 3192 indigenis
1010 3112 1125 3175 eodem
1195 3137 1199 3147 ·

88 3218 164 3277 iure
195 3217 368 3300 eademque
399 3219 588 3280 auctoritate
609 3218 815 3287 fruebantur3
838 3227 912 3278 sunt
932 3220 1037 3301 potius
1057 3218 1129 3282 saar·

87 3318 298 3407 ψηφίσμενοι,
328 3323 474 3401 turbarat,
504 3322 625 3402 ξενικοὶ,
654 3321 736 3399 ξένοι
764 3332 797 3385 et
824 3345 875 3386 res
898 3325 965 3408 ipsa
987 3326 1127 3402 θεοξενία

86 3439 237 3494 vocatur.
280 3430 402 3491 Comici
422 3451 486 3490 non
510 3430 611 3490 solum
633 3439 827 3492 summorum
848 3430 965 3494 ducum
986 3435 1127 3496 actiones

89 3545 129 3602 et
147 3533 263 3620 flagitia
285 3538 482 3620 castigantes,
514 3535 570 3598 sed
599 3536 695 3598 totius
718 3536 829 3620 populi
853 3558 977 3600 errores
1001 3549 1034 3601 ct
1056 3541 1128 3602 libi-

88 3643 183 3708 dines
205 3641 397 3728 flagellantes
426 3643 591 3704 materiam
612 3639 687 3703 satis
710 3642 830 3727 largam
851 3644 1128 3725 nanciscebantur,

90 3771 159 3837 qua
187 3751 234 3811 usi
261 3750 354 3810 huius
385 3749 560 3812 conaminis
593 3758 627 3812 et
656 3749 891 3812 consuetudinis
924 3751 1130 3818 deterrimam

87 3855 281 3924 foeditatem
312 3857 567 3919 demonstrarent
594 3877 727 3940 eamque
757 3855 820 3918 hoc
849 3857 945 3921 modo
977 3859 1129 3923 radicitus

90 3964 214 4047 tollere
227 3963 400 4028 studerent.
441 3961 554 4023 Tradit
572 3961 685 4024 Cicero
701 3966 761 4040 (De
777 3961 856 4048 legg.
875 3965 912 4024 ΙΙ.
925 3985 953 4025 c.
972 3969 1042 4043 ria),
1060 3967 1131 4027 Ari-
1158 4027 1160 4034 ,

92 4070 283 4154 stophanem
306 4091 403 4132 novos
426 4067 501 4132 deos
523 4077 554 4131 et
575 4067 607 4141 in
630 4068 678 4132 his
701 4069 841 4136 colendis
862 4079 1033 4138 nocturnas
1054 4071 1130 4159 per·
