2846 4788
100 1101 194 1186 Cum
216 1139 343 1211 praeter
364 1129 527 1192 Cratinum
550 1137 582 1192 et
605 1130 847 1216 Aristophanem
868 1128 900 1187 in
917 1125 1016 1188 veteri
1031 1125 1131 1188 Grae-

102 1226 218 1300 corum
249 1242 414 1304 comoedia
442 1244 532 1306 multi
562 1256 663 1306 esseut
695 1253 809 1328 poetae
839 1242 923 1325 iique
952 1261 1007 1300 sua
1028 1249 1130 1302 aetate

101 1345 276 1408 admodum
307 1350 384 1410 clari
412 1350 555 1433 adeoque
584 1351 744 1428 florentes,
767 1359 803 1410 ut
825 1369 898 1409 cum
921 1347 1133 1410 celeberrimis

103 1463 263 1516 certantes
286 1455 318 1514 in
340 1475 433 1518 scena
455 1479 588 1518 summas
607 1443 759 1518 victoriae
781 1455 888 1516 laudes
911 1475 1003 1536 saepe
1021 1474 1134 1536 repor-

102 1569 221 1638 tarent,
250 1560 351 1622 nullus
374 1571 480 1622 tamen
502 1572 549 1624 est
567 1551 907 1646 Eupolide‘insignior,
940 1560 1054 1636 nullus,
1079 1561 1134 1642 qui

103 1687 182 1726 cum
211 1667 339 1728 Cratino
371 1677 404 1728 et
430 1668 639 1750 Aristophane
664 1667 794 1728 arctiori
814 1666 940 1726 vinculo
964 1665 1136 1728 cohaereat

105 1781 140 1834 et
161 1773 282 1854 saepius
304 1773 491 1834 coniunctus
512 1773 719 1855 perhibeatur
740 1773 772 1834 iu
789 1780 933 1832 veterum
947 1791 1135 1838 monumen-

104 1877 157 1954 tis,
191 1878 243 1955 ita,
271 1887 307 1936 ut
335 1877 366 1936 in
394 1877 442 1936 his
461 1879 561 1937 tribus
584 1879 685 1960 poetis
708 1878 862 1960 elegantia
883 1886 915 1937 et
935 1877 1057 1939 Atticae
1080 1897 1135 1938 co-

104 1983 254 2044 moediae
284 2003 404 2041 summa
423 1983 546 2042 cultura
567 1984 703 2044 inveniri
725 1994 756 2044 et
777 1983 914 2066 perspici
935 2005 1025 2065 posse
1047 1982 1137 2043 vide-

106 2097 213 2147 antur.
268 2086 349 2146 Hinc
370 2088 488 2149 factum
514 2097 570 2163 est,
595 2097 631 2146 ut
653 2087 700 2162 iis,
723 2109 802 2169 <puae
825 2109 919 2176 supra
942 2087 981 2147 de
1006 2088 1135 2148 Cratino

108 2192 247 2274 exposita
276 2201 361 2266 sunt,
393 2192 648 2275 disputationem,
676 2214 738 2274 qua
767 2193 851 2252 vitae
874 2203 907 2252 et
929 2192 1138 2252 celebratissi-

106 2319 231 2360 marum
259 2299 437 2359 fabularum
468 2298 631 2382 Eupolidis
654 2298 867 2381 cognitionem
886 2299 981 2381 paulo
1005 2320 1137 2358 accura-

106 2407 223 2466 tiorem
244 2405 320 2465 mihi
341 2405 473 2480 videbar
495 2415 650 2467 assecutus
674 2427 750 2482 esse,
773 2405 1138 2474 annectereoonstitue·

107 2497 191 2587 rem,
210 2513 318 2594 paucis
342 2511 402 2572 hae
423 2513 587 2596 provincia
608 2535 659 2574 me
678 2512 806 2595 defungi
818 2533 909 2594 posse
925 2522 1022 2589 ratus,
1038 2533 1138 2594 quan-

110 2617 282 2700 doquidem
311 2619 343 2680 in
371 2619 473 2701 priori
496 2619 599 2701 capite
622 2619 666 2680 de
685 2618 871 2701 quibusdam
893 2619 1139 2702 quaestionibus,

109 2747 189 2805 quae
210 2723 250 2784 ad
274 2724 413 2786 indolem
435 2735 468 2786 et
487 2725 706 2788 characterem
718 2725 883 2808 Eupolidis
901 2724 1140 2786 diiudicandum

109 2831 306 2910 spectabant,
330 2831 523 2914 disputatum
546 2840 601 2892 est.

193 2937 227 2996 In
258 2937 366 2998 limine
391 2938 484 2998 lruius
519 2935 750 3020 disputationis,
780 2935 869 3010 alios,
900 2933 954 3016 qui
975 2932 1140 3016 Eupolidis

109 3051 226 3102 nomen
256 3053 430 3126 gesserunt,
459 3065 658 3106 secernamus
695 3065 712 3101 a
742 3049 851 3100 nostro
878 3047 975 3120 poeta
1005 3038 1141 3115 comice,

110 3169 249 3230 quocum
284 3150 399 3232 passim
427 3149 551 3210 confusi
580 3157 652 3208 sunt
681 3169 698 3205 a
728 3146 802 3206 viris
825 3143 935 3206 doctis.
978 3145 1143 3228 Eupolidis

112 3255 285 3332 cuiusdam,
310 3235 405 3338 quem
429 3253 572 3316 nonnulli
594 3253 781 3332 interpretes
805 3250 989 3326 comoediae
1007 3252 1143 3334 scripto-

112 3379 182 3421 rem
201 3383 371 3443 perperam
393 3369 557 3444 putarunt,
579 3357 774 3419 mentionem
793 3356 870 3444 facit
892 3355 1023 3418 Ovidius
1047 3357 1079 3417 in
1097 3357 1145 3418 Ihi

112 3471 180 3530 532·
201 3466 249 3526 his
270 3467 427 3528 versibus:

195 3573 324 3633 Sit=tihi
346 3572 485 3654 coniugii
506 3594 565 3632 nox
588 3570 690 3654 prima
712 3567 880 3629 novissima
902 3566 1003 3638 vitae;

112 3739 116 3746 .
193 3681 324 3762 Eupolis
346 3679 409 3738 hoc
430 3679 536 3762 periit,
559 3673 591 3739 el
613 3699 695 3737 nova
717 3685 827 3757 nupta,
851 3675 957 3735 modo.

81 3783 83 3794 ¹
110 3789 159 3854 Ab
182 3788 247 3848 aliis
269 3785 495 3868 interpretibus
519 3785 656 3844 refutata
678 3791 726 3843 est
745 3781 824 3843 haec
846 3781 1001 3845 sententia
1023 3789 1055 3842 et
1071 3779 1146 3840 suh-

112 3896 236 3958 stitutus
261 3903 308 3954 est
326 3891 468 3974 Eupolis,
486 3891 592 3951 Niciae
614 3889 706 3964 lilius,
729 3911 746 3948 a
770 3887 893 3948 comico
918 3889 1068 3963 diversus,
1090 3907 1147 3946 cu-

113 4001 160 4064 ius
174 4021 262 4078 uxor,
280 3997 474 4083 Glycerium,
487 4007 612 4081 patrem
624 3994 737 4058 hahuit
754 3992 921 4060 Eudicum.
964 3993 1029 4056 Hos
1043 3991 1148 4077 prima
