2814 4784
448 359 690 426 ιιι-13η-

52 538 179 602 fabulae
209 537 361 624 (Pytines)
384 558 520 621 persona
541 546 610 600 eret
629 535 798 619 primaria,
821 536 853 598 in
875 555 908 600 so
930 535 1080 597 audacter

52 647 204 728 transfert
234 657 328 729 etque
350 643 515 728 glorietur,
550 663 615 704 non
634 641 844 724 poscendum
864 647 1002 726 poetam,
1027 644 1080 726 qni

52 775 162 814 secum
188 752 221 814 in
254 762 416 835 certamen
445 747 663 828 descenderet,
700 747 764 816 uile
792 747 831 812 de
862 750 993 812 victoria
1013 770 1079 832 ,spe

53 859 204 942 gaudere,

539 1005 610 1090 111.

54 1147 171 1238 Suidas
203 1201 231 1238 v.
264 1178 420 1261 Κρατῖνος
448 1179 499 1256 (cf.
528 1177 673 1240 Eudocia
702 1177 735 1238 in
759 1176 939 1240 Villoisonis
961 1175 1080 1238 Anecd.

55 1285 112 1343 Gr.
134 1306 167 1366 p.
190 1288 269 1360 271.)
293 1283 384 1344 dicit:
414 1285 572 1368 Κρατῖνος
593 1285 736 1367 λαμπρᾶς
751 1275 796 1364 ἦν
815 1285 873 1348 τὸν
889 1285 1082 1368 χαρακτῆρα.
1162 1307 1170 1326 ·

53 1392 234 1474 Anonymus
258 1390 331 1474 περὶ
347 1390 524 1476 1ἷωμρνδήος
543 1401 671 1473 poetam
691 1400 834 1452 nostrum
855 1400 1083 1452 commemorat

52 1498 115 1558 hoc
135 1495 261 1580 puoto:
298 1493 402 1578 γέγονε
439 1495 473 1559 δὲ
503 1495 686 1581 (Κρατῖνος)
716 1491 956 1577 ποιὴτικώτατος
987 1516 1080 1558 κοτα-

52 1598 210 1678 σκεαάζων
231 1602 274 1677 οἷς
293 1605 349 1665 τᾶν
366 1597 533 1683 Αἰσχύλου
552 1602 744 1687 χαρακτῆρα.
784 1605 973 1687 Designatur
995 1604 1081 1664 hisce

52 1707 238 1770 testimoniis
258 1709 485 1771 sententiarum
503 1710 648 1792 gravitas,
661 1709 781 1792 poetici
795 1709 947 1771 sermonis
962 1711 1082 1792 magui-

52 1815 181 1876 ficentia
212 1825 244 1876 et
270 1817 409 1899 tragicae
430 1816 534 1899 poesis
555 1815 691 1900 spiritus,
714 1836 808 1899 quem
825 1816 939 1876 Noster
961 1816 1000 1876 ab
1021 1818 1084 1876 Ae-

52 1923 161 2008 schylo
194 1921 376 2005 expressisse
398 1921 533 1988 videtur.
584 1920 671 1984 Idem
692 1931 828 1984 testatur
848 1921 1082 2004 Aristophanes,

52 2029 108 2112 qui
133 2027 385 2111 phantasmatum
406 2028 479 2102 vim,
510 2027 634 2108 copiam
655 2025 782 2088 dicendi
804 2036 897 2111 atque
920 2027 1084 2090 audaciam

55 2136 88 2194 in
111 2131 278 2213 Equitibus
302 2129 454 2190 describit
472 2129 520 2187 his
541 2131 646 2190 verbis
666 2153 695 2190 r.
715 2134 803 2194 fou:

133 2228 209 2304 Eira
238 2229 399 2318 Κρατίνου
429 2229 634 2313 μεμνημένος,
672 2228 707 2306 tr
734 2233 844 2320 πολλῷ
874 2229 988 2316 ῥεύσας
1014 2231 1084 2299 nir?

430 2331 431 2336 ἵ
656 2334 772 2424 ἐπαίνῳ

134 2450 187 2514 διὰ
206 2449 269 2512 τῶν
291 2440 416 2531 ἀφελῶν
434 2446 548 2510 πεδίων
567 2439 652 2530 ἔρξαι
675 2443 729 2510 καὶ
748 2445 804 2528 τῆς
824 2442 964 2522 στάσεως
984 2470 1085 2533 παρα-

658 2547 764 2635 σύρων

135 2658 243 2748 ἐφόρει
263 2659 320 2736 τὰς
342 2659 418 2743 δρῦς
438 2657 497 2723 καὶ·
509 2660 564 2734 τᾶς
585 2654 759 2733 πλατάνους
778 2656 833 2721 καί
853 2658 927 2734 τούς
950 2657 1084 2742 ἐχθρούς

658 2760 905 2849 προθελύμνους.

54 2877 111 2936 Est
131 2875 182 2936 hic
202 2875 290 2936 locus
311 2874 403 2936 valde
425 2871 616 2936 admirabilis
645 2883 678 2935 ct
702 2873 912 2936 conferendus
934 2894 1008 2937 cnm
1028 2872 1083 2934 illc

56 2981 179 3043 Horatii
201 2982 305 3042 Carm.
328 2980 381 3044 IV.
404 2998 433 3043 2.
456 2971 464 2984 ⁸

177 3087 286 3148 Monte
308 3084 480 3148 decurrens
500 3081 588 3150 velut
610 3081 719 3161 amnis,
740 3083 856 3147 imbres

178 3190 282 3264 Quem
304 3213 399 3275 super
419 3201 508 3253 notas
534 3191 641 3253 aluere
663 3194 758 3274 ripas,

177 3293 302 3374 Fervet,
324 3298 554 3381 immensusque
573 3297 639 3360 ruit
654 3296 818 3381 ,profundo

336 3402 490 3465 Pindarus
516 3423 588 3474 ore3

57 3531 131 3570 nem
161 3521 335 3584 torrentem,
359 3531 453 3592 quam
475 3509 627 3572 Iuvenalis
651 3507 715 3570 Set.
743 3507 783 3569 X.
805 3525 834 3570 v.
856 3532 886 3589 9·
909 3515 1012 3584 vocat,
1034 3507 1086 3569 di-

58 3615 147 3676 cendi
162 3617 283 3698 copiam
307 3613 347 3674 ad
367 3625 535 3698 utrumque
555 3625 684 3698 poetam
705 3615 827 3677 referre
853 3614 982 3675 omnino
1003 3616 1085 3676 licet.

56 3720 196 3803 Respicit
222 3718 446 3802 Aristophanes
473 3719 558 3782 hund
581 3719 676 3782 dubie
697 3720 800 3804 ipsum
827 3718 946 3782 Cratini
969 3722 1086 3798 locum,

60 3848 153 3907 quem
181 3817 276 3910 supra
302 3847 320 3888 e
348 3827 445 3886 Suidu
465 3827 695 3910 descripsimus,
716 3828 771 3890 ubi
791 3828 859 3912 ipse
880 3849 937 3888 suo
959 3827 1086 3910 ingenio

59 3930 171 3992 tribuit
190 3933 276 3992 illam
298 3931 609 4015 magniloquentiam,
633 3956 728 4017 quam
748 3935 937 4010 scholiastes
957 3933 1014 4012 τῆν
1034 3954 1089 4012 με-

58 4033 245 4120 γαληγορίαν
272 4047 376 4117 vocat,
410 4047 503 4123 atque
532 4060 565 4102 os
591 4040 789 4125 protundum
821 4041 921 4121 (cuius
943 4039 990 4104 rei
1012 4060 1090 4100 ecn-

872 4181 896 4250 2
