2846 4788
481 355 723 430 ...97-

84 540 127 600 τὰ
157 541 336 622 παρά,τοῖς
364 535 469 621 Θρᾳξὶ
493 539 532 600 τᾶ
563 557 596 602 τε
623 536 789 603 linostima
817 535 871 602 nni
888 545 926 604 τοὶ
946 541 1118 621 Bssddittn,

83 647 162 728 παρ’
191 635 238 720 οἷς
265 646 305 708 τοὶ
327 638 457 730 Ὀρφικοὶ
486 647 543 727 τῆν
573 648 729 732 καταρχὴν
759 643 841 728 ἔσχε.
900 646 963 730 Τῆς
982 648 1041 730 μὲν
1062 639 1118 713 οὖν

84 746 214 826 Κότυος
233 751 289 834 τῆς
309 751 343 816 ἒν
367 760 433 827 τοῖς
451 747 602 829 Ἠδωνοῖς
622 749 788 836 Αἰσχύλος
809 751 1038 838 μέμνηταοκαί
1056 757 1119 820 τῶν

85 857 162 940 περὶ
179 851 275 939 αὐτὴν
297 853 446 942 ὀργάνων.
485 859 584 922 Sacra
604 860 682 938 eius,
698 861 835 946 Cotyttia
855 861 951 938 dicta,
969 862 1056 922 omni
1073 861 1120 923 la-

85 965 204 1027 sciviae
227 977 260 1028 et
281 959 497 1050 impudicitiae
516 957 634 1052 gene‘re
647 969 737 1031 fuere
756 969 895 1047 infamia,
913 969 998 1032 unde
1012 969 1117 1039 Hora-¹

83 1072 150 1133 tius
171 1071 204 1132 in
222 1071 327 1156 Epod.
348 1073 447 1136 XVII.
467 1078 515 1138 56.
530 1075 661 1136 Sacrum
679 1076 768 1138 liberi
783 1077 953 1160 Cupedinis.
977 1077 1118 1160 Cotyttia
1180 1138 1186 1148 ,

86 1171 205 1256 autem,
236 1189 271 1242 ut
292 1180 402 1242 scribit
420 1181 626 1267 Porphyrius,
648 1204 773 1245 sacrum
796 1183 958 1268 Cupidinis
980 1205 1048 1246 esse
1070 1165 1120 1244 diss

87 1294 215 1363 cuntur,
246 1287 319 1370 quia
351 1287 506 1361 maleficia
536 1287 628 1367 hacc,
662 1311 744 1374 quae
783 1311 843 1373 per
872 1290 998 1367 inferna
1029 1311 1120 1350 sacra

87 1391 178 1472 liunt,
201 1393 241 1455 ad
263 1413 405 1456 amorem
426 1395 619 1478 pertineant,
641 1397 726 1458 unde
747 1398 823 1459 talia
845 1397 998 1458 sacrificia
1015 1395 1120 1478 impu-

88 1497 161 1562 dica
185 1499 226 1560 ad
248 1521 389 1563 amorem
409 1502 603 1585 pertinentia
624 1527 642 1564 a
665 1504 813 1565 sacrificis
832 1505 963 1566 tractari
977 1513 1122 1586 apparet.

86 1607 181 1688 Apud
211 1607 341 1670 Suidam
370 1631 399 1670 v.
420 1605 527 1683 Κότυς
551 1609 729 1692 appellatur
751 1607 871 1688 dnt'ptosr
892 1613 977 1691 παρὰ
1000 1611 1117 1692 Κοριν-

86 1709 170 1788 θίοις
179 1705 362 1796 τιμώμενος,
378 1712 494 1798 ἔφορος
506 1714 569 1778 τοῖν
579 1714 717 1798 αἰσχρῶν
731 1715 859 1792 (foedae
874 1712 1012 1774 libidinis
1023 1735 1118 1796 prue-

85 1841 145 1882 ses.
168 1823 215 1884 Cf.
237 1823 325 1884 Suid.
346 1845 375 1883 v.
399 1818 563 1901 Θιασώτης
586 1832 619 1882 et
636 1821 770 1906 Hesych.
789 1816 1013 1899 ulimmerii).
1037 1822 1118 1883 Cum

87 1927 168 1990 haec
197 1929 380 2004 scriberem,
410 1926 443 1988 in
473 1928 619 1989 notitiam
648 1949 751 1988 meam
772 1929 859 1990 venit
880 1927 1005 2013 egregia
1028 1949 1117 1988 com-

83 2033 241 2096 mentatio
261 2032 462 2094 Buttmannis
492 2033 590 2095 [leber
613 2037 663 2097 die
680 2035 823 2118 Kotyttia
843 2037 907 2096 und
925 2035 974 2096 die
988 2037 1120 2118 Baptae,

83 2141 121 2202 in
150 2161 212 2222 qua
237 2138 287 2200 vir
317 2139 429 2200 doctus
456 2140 543 2202 locos
575 2141 614 2204 tle
644 2151 751 2201 nostra
780 2163 858 2202 rea
877 2140 981 2200 multis
1002 2141 1118 2222 passim

6 2289 11 2298 ·
87 2227 239 2308 collectos
261 2255 353 2308 acute
376 2244 514 2332 disponit
534 2257 566 2309 et
586 2268 679 2331 saepe
701 2246 809 2310 dextre
831 2245 988 2309 emendat.
1022 2243 1118 2303 Com-

86 2353 230 2415 municat
258 2354 280 2414 l.
310 2375 338 2416 c.
368 2375 401 2438 p.
433 2373 462 2418 ο.
490 2355 597 2415 locum
624 2352 778 2414 hactenus
799 2351 877 2414 mihi
902 2350 996 2434 plane
1025 2349 1117 2432 igno-

85 2461 159 2520 tum'
187 2480 204 2520 e
234 2459 346 2524 codice
373 2460 475 2522 veteri
500 2459 762 2544 proverbiorum:
792 2459 907 2537 „Cotyi
925 2455 1115 2540 sacrificare,

85 2566 332 2628 calunustratnm
361 2589 440 2629 esse:
471 2570 540 2628 huie
559 2569 638 2626 enim
655 2565 731 2626 deae
751 2566 838 2649 apud
859 2563 1030 2625 Corinthios
1052 2563 1116 2625 cul-

85 2685 139 2733 tae
167 2673 397 2758 intemperantes
428 2649 467 2736 ae
488 2675 757 2736 calamistratnrae
776 2671 906 2733 studiosi
913 2673 1116 2755 formamque

85 2779 280 2842 venditantes
292 2781 545 2864 sacrificabant.“
591 2780 686 2865 Apud
706 2777 914 2841 Theocritum
936 2775 1036 2858 (ldyll.
1059 2775 1115 2836 Vl.

85 2887 151 2965 4ο.)
184 2907 255 2970 saga
280 2887 485 2949 conciliandis
520 2886 680 2947 amoribus
709 2886 846 2948 serviens
865 2893 1000 2945 vocatur
1021 2877 1116 2964 γραῖα

80 2993 299 3076 Κωτοττορίς·
319 2994 397 3056 tales
416 2993 540 3055 vetulae
555 3003 609 3053 aut
623 2994 745 3052 Lunam
763 2983 955 3054 deducentes
971 2987 1010 3050 de
1024 2987 1115 3048 coelo

82 3108 143 3160 aut
181 3099 242 3161 alia
278 3101 483 3184 imaginantes
521 3099 636 3160 amoris
666 3075 820 3181 impudici
847 3104 921 3156 sunt
952 3103 1114 3164 auctoros;

81 3208 226 3294 praefuit
255 3208 302 3270 his
331 3211 409 3292 sagis
440 3210 579 3292 Cotytto,
608 3216 641 3268 et
673 3205 835 3266 auxilium'
850 3202 923 3266 tulit
951 3203 1113 3292 occupatis

80 3312 137 3378 vel
159 3315 191 3374 in
213 3315 400 3398 quaerendis
430 3314 503 3376 viris
525 3315 575 3378 vel
596 3323 632 3374 ut
651 3309 802 3373 furiosam
824 3309 986 3393 explerent
1006 3310 1113 3371 lihidi-

82 3445 161 3488 nem
181 3423 337 3485 mulieres.
378 3425 475 3486 Hunc
498 3431 624 3504 turpem
647 3428 679 3481 et
699 3419 894 3480 obscoenum
915 3416 1013 3478 ritum
1034 3429 1112 3478 eou-

36 3546 40 3556 ’
80 3533 192 3594 firmat
212 3528 366 3590 luvenalis
386 3528 450 3588 Sat.
475 3528 514 3587 ll.
536 3549 587 3610 91.

165 3636 256 3697 Talia
276 3643 399 3696 secreta
420 3633 589 3696 coluerunt
610 3632 697 3716 orgia
719 3619 813 3694 taeda

164 3743 353 3826 Cecropiam
375 3740 459 3802 soliti
477 3740 596 3824 Baptae
616 3740 730 3800 lassare
753 3739 893 3820 Cotytto,

78 3850 342 3939 quandoquidem
362 3848 452 3909 illum
475 3856 639 3932 comparat
659 3867 732 3906 cum
752 3841 933 3926 turpissimo
954 3848 1050 3900 coetu
1065 3838 1115 3900 ser

75 3961 241 4026 minarum
261 3959 476 4018 Romanarum
497 3975 586 4014 sacra
607 3950 640 4012 iu
660 3951 817 4011 honorem
836 3949 944 4018 Bonae
959 3947 1046 4006 Deae
1063 3943 1113 4002 in-

76 4063 291 4142 stituentium,
312 4063 425 4148 quihus
446 4059 557 4120 similia
575 4057 669 4118 fuisse
692 4055 841 4119 videntur
862 4050 951 4116 Isidis
969 4043 1111 4112 socruali
1129 4078 1134 4085 ·
