2846 4788
458 365 699 432 ...93-

69 544 271 605 iurisiurandi
307 565 367 627 per
401 564 539 628 pugnam
567 543 798 606 Marathoniam
831 565 849 603 a
878 544 1019 626 Longino
1054 543 1093 604 de

68 652 199 712 Sublim.
229 661 305 716 sect.
335 651 421 712 XVl.
454 655 484 714 6.
520 660 675 712 servatam
706 649 767 732 ipsi
793 648 996 709 tribuendam
1018 672 1095 726 esse,

68 761 131 818 no'n
155 759 221 818 sine
240 757 465 839 probabilitate
486 757 647 819 coniicere
670 755 746 817 mibi
769 755 890 817 videor.

75 946 77 950 Ι
102 857 107 867 ⁸
151 864 306 926 illustrem
336 861 569 940 auctoritatem,
600 885 694 948 quam
727 863 759 922 in
782 862 882 945 priori
904 871 1099 924 commenta-

68 969 203 1047 tatione,
234 970 359 1034 ex'orsus
383 993 402 1032 a
425 971 566 1043 Cratino,
588 970 729 1031 collectis
752 969 949 1030 comicorum
970 967 1099 1029 salsissi-

64 1077 127 1166 mis
149 1074 300 1154 dicteriis,
322 1076 450 1154 Pericli,
471 1078 709 1140 Atheniensium
729 1077 866 1160 principi
889 1076 1099 1138 imminuimus

66 1193 102 1243 et
130 1205 233 1265 paene
269 1183 467 1262 detraximus,
503 1185 688 1246 testimoniis
717 1185 904 1269 quibusdam
936 1181 1101 1267 Eupolidis

65 1289 238 1350 restituere
259 1291 493 1374 quodammodo
516 1302 548 1352 et
563 1292 755 1376 amplificare
774 1293 970 1354 conabimur.
1012 1290 1103 1353 Peri-

67 1394 135 1454 cles
156 1417 310 1458 summam
332 1397 516 1480 dignitatem
548 1411 718 1478 assecutus,
748 1402 816 1463 sine
850 1400 915 1462 ulla
944 1399 1103 1460 hilaritate

68 1503 269 1586 singularem·
285 1515 317 1566 et
337 1506 556 1568 admirabilem
583 1507 801 1578 characterem
827 1508 1023 1570 orationihus
1043 1505 1104 1564 suis

68 1615 230 1696 impressit
260 1623 366 1696 atque,
406 1635 479 1676 cum
509 1611 746 1674 Atheniensium
781 1614 901 1674 animos
931 1611 1105 1672 acerbitate

68 1720 170 1802 magis
207 1721 421 1804 perfringeret
458 1743 552 1804 quam
591 1719 745 1782 suavitate
782 1717 1001 1802 perfunderet,
1041 1737 1105 1776 non

69 1838 198 1890 tantum
227 1827 415 1888 memoriam
442 1829 665 1890 concinnitatis
695 1849 769 1889 suae
794 1825 850 1888 sed
872 1821 945 1887 eu'm
967 1823 1108 1885 delecta-

69 1939 163 1996 tione
185 1934 310 1994 aculeos
335 1933 430 1994 etiam
450 1932 633 2016 relinquere
655 1935 777 1996 solebat
801 1934 832 1994 in
857 1931 966 1994 animis
984 1953 1107 2004 eorum,

69 2063 91 2100 a
122 2039 235 2120 quibus
264 2046 334 2097 erat
366 2037 489 2097 auditus
512 2039 590 2113 (Cic.
610 2039 698 2099 Brut.
721 2062 748 2100 c.
771 2063 800 2121 9.
825 2041 866 2098 ef.
890 2039 929 2099 de
950 2050 1031 2100 orat.
1055 2043 1109 2099 lll.

67 2145 151 2222 Ἀρ).
193 2139 242 2202 Ad
264 2140 347 2202 hanc
367 2142 551 2207 facultatem
576 2127 833 2226 consequendam
849 2166 970 2206 summo
993 2148 1111 2228 ingenii

69 2247 209 2326 lumine,
236 2248 419 2330 eloquentia
442 2237 524 2324 usus,
543 2227 714 2310 medullam
732 2233 867 2325 suadae,
886 2272 980 2333 quam
995 2252 1028 2312 in
1045 2254 1110 2312 eius

69 2357 174 2420 lalrris
203 2354 390 2416 sessitavisse
415 2355 503 2416 aiunt
524 2365 658 2432 veteres,
678 2357 755 2419 scite
779 2358 894 2420 infudit
916 2358 1113 2420 audientium

70 2463 272 2550 pectoribus,
292 2483 333 2523 ne
354 2461 523 2526 severitate
542 2464 785 2528 offenderentur
798 2465 879 2526 (Cic.
895 2466 983 2527 Brut.
998 2489 1025 2531 e.
1044 2473 1112 2544 rh).

72 2575 148 2636 Hoc
170 2570 210 2632 de
233 2571 485 2653 suaviloquentia
507 2571 708 2632 etfacundia
728 2573 859 2633 Periclis
875 2573 1028 2634 iudicium
1043 2575 1116 2634 iou-

73 2691 146 2740 tem
177 2677 275 2739 habet
302 2679 335 2740 in
362 2677 526 2762 Eupolidis
548 2679 668 2755 Demis,
690 2679 775 2742 unde
797 2680 877 2744 haec
899 2683 998 2742 verba
1024 2683 1114 2742 nobis

73 2796 204 2848 servata
225 2794 312 2848 suut:
855 2773 857 2780 l

162 2886 341 2974 Κράτιπος
363 2881 454 2965 οὗτος
474 2889 583 2972 ἐγένετ’
605 2886 779 2974 ἀνθρώπων
801 2890 906 2973 λέγειν,

163 2991 256 3062 (inrita
276 2997 440 3081 παρέλθοι,
461 2993 565 3081 ὥσπερ
588 2995 618 3061 οἱ
641 2993 756 3079 ἀγαθοὶ
778 3000 914 3082 δρομεῖς,

164 3104 199 3168 ἐκ
220 3102 294 3168 deba
315 3107 420 3168 ποδῶν
441 3101 509 3191 ᾕρει
533 3103 630 3186 λέγων
652 3105 726 3177 τούς
747 3099 891 3184 ῥήτορας·

162 3215 260 3293 capric
280 3211 377 3295 λέγειν
397 3210 466 3292 μὲν,
488 3214 568 3295 πρὸς
592 3212 625 3274 δὲ
645 3205 672 3292 γ’
691 3204 789 3274 αὐτοῦ
810 3211 853 3296 τῷ
876 3207 963 3290 τάχει

166 3316 277 3382 Πειθώ
299 3343 347 3404 τίς
369 3302 551 3382 eucaddires
573 3317 627 3381 ἐπὶ
645 3325 710 3390 τοῖς
727 3314 874 3396 zetheum,

165 3420 267 3500 edetur
287 3421 400 3508 ἐκήλει,
421 3424 475 3488 καί
495 3419 594 3504 μόνος
613 3423 676 3486 τῶν
698 3417 851 3506 ῥητόρων,

163 3534 201 3620 τᾷ
224 3531 350 3616 κέντρον
372 3529 550 3614 ἐγκατέλιπε
570 3537 636 3606 τοῖς
657 3525 879 3614 ἀκροωμένοις.

75 3647 174 3723 Quot
197 3640 369 3722 scriptores
390 3648 513 3702 veteres
534 3637 620 3702 hunc
642 3638 748 3698 locum
769 3635 882 3696 imitati
905 3635 977 3711 sint,
1009 3634 1057 3695 vix
1075 3644 1124 3696 est

76 3745 173 3836 quod
203 3768 367 3816 moneam;
404 3767 477 3806 nam
505 3746 574 3806 fere
600 3764 708 3805 omnes
738 3741 802 3802 hoc
831 3740 911 3801 llere
944 3741 1125 3823 Eupolideo.

75 3863 240 3938 decerpto
263 3853 441 3924 orationem
463 3873 552 3913 suam
566 3857 733 3911 ornarunt.
774 3847 898 3910 Nubem
917 3848 1060 3909 locorum
1076 3846 1125 3906 in-

77 3963 193 4030 venies
234 3959 319 4043 apud
355 3956 640 4042 Wyttenbeehium
675 3955 719 4018 ad·
745 3955 829 4016 Plut.
861 3957 910 4016 De
939 3974 1008 4016 sera
1038 3974 1125 4014 num.

75 4069 280 4159 vind-1¹4,
310 4065 485 4152 permultos
518 4073 687 4150 praeterea
708 4061 794 4124 locos
818 4061 884 4146 ipse
907 4060 1031 4142 collegi.
1080 4057 1127 4122 ml
