2814 4784
480 354 724 422 ...33-

86 555 160 594 cam
188 536 391 619 pertinentia,
422 521 528 610 addat,
558 529 770 614 colligendum
800 538 856 610 est,
881 557 954 596 eum
975 557 1038 597 non
1061 558 1117 598 ns-

29 723 32 734 A
86 641 218 724 glexisse
240 643 381 724 priorem
411 639 630 721 metaphoram
651 637 706 698 sed
726 637 881 698 vocabula
900 643 1003 722 potius
1027 661 1119 702 usur-

85 772 180 830 pare,
196 769 333 830 quorum
353 745 396 805 vis
416 743 529 827 duplex
542 744 616 807 etin
638 744 864 827 supellectilem
879 755 911 806 et
925 746 956 804 in
971 748 1121 810 musicam

86 855 227 937 quadrat
240 855 279 927 *).
315 845 482 933 Ἀρμονίοι
505 851 662 912 scrinariis
688 861 760 911 suut
781 871 946 934 compages
970 852 1032 913 sive
1046 854 1118 914 iun-

87 970 214 1035 cturae,
237 957 349 1041 quibus
372 957 451 1017 duae
477 967 582 1040 partes
607 957 793 1034 cohaerent,
807 957 1120 1041 eundemqueigitur

85 1065 250 1145 praebent
271 1085 394 1124 sensum
415 1065 446 1124 in
467 1075 635 1147 utramque
656 1073 782 1146 partem
804 1063 1003 1142 sumendum,
1038 1087 1075 1124 ac
1095 1065 1120 1124 si

87 1168 239 1231 dicerent
270 1172 419 1232 Germani
451 1171 491 1232 de
512 1172 581 1232 viro
603 1171 724 1232 musico
751 1179 935 1232 senescente
957 1179 989 1231 et
1008 1169 1045 1230 in·
1066 1169 1123 1232 de,-

83 1275 246 1337 teriorem
273 1287 397 1358 partem
416 1287 568 1360 vergente
592 1277 701 1354 „Scine
725 1277 828 1358 Fugen
848 1275 996 1357 dlaffin“.
1039 1275 1121 1337 Huic

90 1381 227 1458 accedit,
249 1382 334 1467 quod
356 1360 546 1444 vocabulum
566 1379 657 1456 τόνος
683 1394 810 1465 praeter
827 1383 993 1466 vulgarem
1005 1381 1070 1444 vim
1086 1404 1121 1442 ex

92 1497 160 1548 arte
184 1490 302 1550 musica
323 1501 466 1567 sumtum,
500 1489 595 1550 etiam
623 1489 663 1548 ad
684 1490 773 1549 funes
797 1496 829 1549 et
847 1510 961 1549 nervos
983 1495 1123 1550 extentos

91 1597 251 1656 referatur
273 1598 430 1672 (Turneb.
455 1597 583 1658 Advers.
606 1597 643 1655 ll.
660 1615 687 1656 c.
705 1597 758 1674 4.),
782 1581 980 1676 potissimum
998 1593 1038 1654 ad
1055 1594 1123 1654 illos

91 1721 215 1778 nervos,
238 1703 293 1785 qui
314 1725 375 1786 per
396 1702 531 1786 spondas
553 1710 607 1761 aut
627 1701 718 1762 sellas
741 1699 877 1775 traiecti,
899 1698 1122 1776 intenduntur,

90 1815 127 1865 ut
156 1817 299 1868 tomenta
332 1819 364 1870 et
394 1809 552 1884 culcitras,
584 1805 1010 1890 quac-superimponuntur,
1032 1805 1124 1866 susti·
1150 1833 1154 1842 =

90 1923 188 1973 neant
210 1914 261 1990 (ci.
282 1913 440 1994 Aristoph.
464 1914 573 1996 Lysist.
596 1917 688 1996 9220).
730 1911 831 1972 Simili
853 1911 948 1974 modo
973 1911 1067 1973 sellae
1090 1912 1123 1970 in

91 2036 191 2077 curru
216 2018 375 2098 colligatio
406 2013 439 2098 (ἢ
472 2013 641 2094 ἱμάντωσις
668 2017 724 2079 τοῦ
746 2017 871 2100 δίφρου)
893 2013 985 2091 τόνος
1006 2018 1123 2080 dicitur

93 2141 142 2200 ap.
171 2119 228 2178 Iul.
258 2120 339 2186 Poll.
373 2121 489 2188 Onom,
510 2123 533 2180 Ι.
557 2139 622 2197 142.
674 2121 723 2179 Ad
744 2122 825 2182 haec
848 2124 954 2182 omnia
977 2144 1013 2183 er
1034 2123 1124 2182 dete-

92 2224 169 2283 riori
198 2224 281 2284 vitae
316 2223 499 2286 conditione
533 2225 653 2292 comice
685 2225 827 2286 desumto
862 2227 1007 2286 revocari
1030 2226 1125 2290 debet

93 2331 298 2413 comparatio,
339 2352 432 2412 quam
472 2330 695 2418 Aristophanes
738 2331 777 2392 de
818 2332 948 2392 Cratino
978 2333 1124 2400 instituit.

96 2438 260 2498 Cratinum
288 2459 395 2498 senem
426 2438 465 2498 ah
496 2431 737 2500 Atheniensibus
758 2439 937 2522 neglectum
960 2451 1124 2524 comparat

94 2565 164 2604 cum
188 2544 271 2604 lecto
295 2543 370 2603 olim
391 2545 558 2627 magnifico
583 2555 615 2605 et
636 2545 776 2628 undique
799 2557 912 2607 ornato
937 2569 1021 2608 nunc
1040 2548 1124 2609 iuter

93 2660 308 2712 veteramenta
330 2652 481 2733 ponendo
504 2662 536 2713 et
558 2651 663 2734 digno,
696 2653 749 2735 qui
775 2675 793 2712 a
818 2655 979 2714 scrutariis
1000 2663 1124 2731 veneat,

93 2758 349 2842 quandoquidem
373 2779 538 2840 compages
561 2759 728 2834 labefacta,
750 2759 884 2820 funiculi
907 2759 1040 2842 disrupti
1062 2761 1123 2832 sint

95 2873 125 2925 et
145 2865 294 2928 distracti.
338 2864 393 2924 His
417 2863 577 2924 adduntur
596 2865 694 2932 verba
716 2863 932 2925 ἐκπιπτουσῶν
951 2863 1014 2925 τῶν
1031 2859 1122 2944 ἦλὲκ.

96 2991 173 3049 opor
194 2984 226 3033 et
239 2971 424 3048 Scholiasta,
448 2991 546 3053 quum
565 2969 645 3030 haec
667 2970 909 3052 interpretatur,
935 2970 1123 3032 sententiam

97 3093 186 3155 snpra
208 3079 379 3159 expositam
402 3075 525 3159 egregie
549 3077 733 3137 confirmat:
763 3075 826 3137 τῶν
846 3068 1012 3157 ἠλέκτρων·
1034 3071 1122 3149 ἰδίως

98 3179 135 3236 τὰ
154 3188 218 3253 ταῖς
234 3181 359 3256 ’κλίναις
382 3177 610 3261 ἐπιβαλλόμενα
634 3174 733 3254 οὕτως
754 3177 886 3244 ἐκάλουν
913 3171 1056 3265 ἤλεκτρον.
1089 3177 1123 3244 al

39 3344 42 3352 ,
99 3287 155 3366 γὰρ
184 3281 312 3368 ἀρχαῖαι
341 3293 443 3350 κλῖναι
472 3289 546 3359 τοὺς
567 3282 666 3372 oddag
687 3279 770 3364 εἶχον
790 3279 1044 3370 ἧσφαλισμένοος
1064 3280 1120 3349 ἄν.

99 3395 186 3474 &puis
205 3393 257 3456 καί
275 3389 436 3476 ἦλέκτροτς
457 3387 560 3475 ὥσπερ
582 3391 638 3454 νῦν
659 3385 783 3476 ἀργύρῳ
804 3383 826 3471 ἢ
846 3389 1022 3478 καττιτέρῳ.
1074 3393 1122 3454 Tu

101 3488 225 3584 ἢλεκτρα
251 3521 316 3560 non
346 3502 459 3562 referri
487 3519 578 3582 posse
602 3497 642 3558 ad
662 3497 863 3558 metallorum
885 3513 994 3578 genus,
1016 3496 1064 3557 vel
1086 3519 1123 3560 ex

164 3678 189 3748 *)
208 3680 278 3732 Huic
297 3680 449 3748 quaestioni
469 3679 578 3732 omnino
596 3676 728 3732 satisfacit
741 3673 910 3730 scholiastae
922 3656 1122 3748 interpretatioi

103 3767 227 3826 vocabuli
255 3772 398 3844 ιίρμονίοι
424 3772 583 3843 significatio
618 3771 721 3842 egregie
747 3771 897 3822 illustratur
920 3768 949 3823 iu
971 3757 1121 3840 fragmento

104 3877 133 3910 ex
151 3863 277 3918 husitaide
295 3864 431 3935 Epicratis
456 3884 483 3917 v.
511 3871 552 3932 ιλ.
574 3885 619 3936 ap.
636 3863 736 3917 Athen.
756 3859 834 3916 XIII.
853 3878 882 3930 p.
903 3859 961 3932 570.
978 3861 1027 3930 l).²
1044 3861 1119 3916 unde

107 3967 219 4022 apparet,
243 3969 402 4026 usurpatum
429 3976 486 4010 esse
516 3959 598 4012 ctiam
625 3955 660 4010 dc
691 3956 814 4027 corporis
841 3953 1030 4029 compagibus.
1079 3953 1120 4008 cf.

108 4041 181 4096 Hom.
198 4047 227 4100 lt.
243 4049 278 4102 X·
297 4047 358 4108 255·
379 4048 436 4103 Od·
455 4049 488 4109 E·
505 4053 566 4119 ²43·
