2846 4788
698 295 940 414 ..μσς

230 523 232 531 ’
303 532 496 615 vigilationes
519 527 562 593 sic
583 547 718 609 vexasse,
741 541 775 592 ut
794 529 879 614 apud
902 529 1134 591 eumSahnzius
1153 527 1349 611 etquidem

305 640 358 701 alii
389 640 431 701 dii
464 639 624 722 peregrini
652 638 782 700 iudicati
812 659 830 698 e
858 636 985 698 civitate
1015 635 1192 698 eiiciantur.
1236 635 1348 696 Huius

305 745 516 828 castigationis
546 745 685 826 erernpla
715 745 815 805 multa
844 752 963 806 exstant
992 743 1024 806 in
1045 742 1264 828 Aristophanis
1287 767 1351 806 eo·

304 851 435 914 moediis
458 851 554 913 veluti
576 851 608 912 in
629 850 769 912 Nubibus
792 854 862 932 298.
883 873 952 934 sqq.

509 954 671 1039 Παρθένοι
694 949 902 1040 ὀμβροφόροι,

509 1060 650 1142 ἔλθωμεν
679 1059 813 1147 λιιιαρόιν

466 1166 568 1248 χθόνα
590 1165 769 1248 Παλλάδος,
791 1160 939 1250 εὔανδρον
960 1171 1018 1252 γᾶν

427 1274 592 1358 Κέκροπος
613 1269 767 1353 ὀψόμεναι
789 1271 996 1356 πολυήρατον,
1081 1267 1087 1287 ’

430 1371 468 1442 οὗ
491 1379 584 1460 σέβας
605 1375 749 1462 &aanor
770 1377 871 1462 ἱερῶν,
891 1382 942 1445 ἵνα

510 1483 704 1566 μυστοδόκος
725 1483 832 1567 δόμος,

428 1597 462 1658 ὲν
483 1600 615 1670 τελεταῖς
635 1590 737 1676 ἁγίαις
759 1588 980 1672 όναδεόινοται,

390 1736 392 1741 ·
433 1699 591 1784 οόρανιόις
613 1725 644 1765 τε
664 1705 747 1776 θεοῖς
768 1698 947 1782 δωρήματα,

430 1808 504 1874 ναοί
520 1811 553 1872 θ’
573 1805 736 1892 ὑψερεφεῖς
759 1805 814 1872 καί
833 1803 1006 1890 ἀγάλματα,

430 1915 483 1978 καὶ
503 1911 655 1998 πρόσοδοι
677 1912 825 1998 μακάρων
849 1909 1019 1997 ἱερώταται,

387 2015 572 2105 εὐστέφανοι
592 2045 624 2084 τι
643 2021 724 2084 θεῶν
743 2019 864 2098 θυσίαι,
884 2001 994 2084 θαλίαι
1014 2035 1045 2084 τε

509 2150 605 2192 παντο
628 2129 739 2202 δαιταῐς
759 2128 793 2191 ἐν
813 2122 909 2210 ιόραις
927 2163 970 2178 -

309 2239 356 2298 Cf.
380 2235 496 2300 Pacem
518 2241 587 2318 276.
618 2245 650 2297 et
671 2243 741 2318 374.
797 2235 867 2296 Huc
887 2235 1028 2316 pertinet
1048 2232 1176 2318 qnoque
1194 2236 1284 2296 locus
1307 2257 1339 2298 er

307 2347 423 2408 Avibus
453 2343 528 2406 inde
555 2367 575 2404 a
604 2366 633 2404 t.
667 2347 753 2425 1495.
785 2352 818 2404 et
851 2343 937 2406 2565.
960 2363 1025 2425 sqq.
1076 2341 1185 2403 Unum
1205 2343 1339 2404 maxime

308 2455 521 2535 fragmentum
540 2449 756 2532 Aristophanis
780 2471 797 2510 e
817 2448 936 2525 fabula,
965 2469 1045 2532 quae
1068 2438 1167 2530 Ὧραι
1187 2448 1341 2510 inscribe-

308 2558 416 2632 batur,
446 2556 528 2616 hane
558 2556 803 2638 disputationem
824 2555 947 2636 egregie
973 2555 1159 2626 confirmat;
1190 2554 1342 2617 dicuutur
1411 2597 1412 2636 p

296 2662 398 2724 'enirn
427 2659 631 2722 Athenienses
659 2669 708 2720 tot
730 2659 805 2720 deos
827 2661 966 2723 colentes
988 2662 1149 2724 civitatem
1167 2683 1257 2724 suam
1277 2665 1341 2724 Ae·

308 2777 441 2854 gyptum
463 2767 574 2828 fecisse
596 2787 656 2848 pro
679 2764 827 2826 Athenist

371 2857 585 2940 θἈνιὲλανσαν
608 2863 669 2954 ἄρα
690 2870 832 2952 σέβοντες
852 2865 944 2951 ὑμᾶς,
966 2867 1009 2947 ὥς
1029 2876 1070 2936 ori
1092 2875 1154 2958 φῂς
1174 2871 1226 2953 τίν]
1245 2893 1276 2935 τι

386 2979 546 3066 Αἴγυπτον
575 2967 678 3045 αότιόν
704 2982 771 3061 τὴν,
787 2976 880 3046 πόλιν
899 2973 1080 3063 πεσοιόμιαδ
1102 2974 1168 3044 ἀντ’
1185 2971 1341 3060 Ἀθηνῶν.

307 3090 460 3170 Praefero
481 3083 663 3170 νιετιοιόκασ
683 3088 824 3174 scrihere
847 3110 882 3150 ex
903 3087 990 3152 MSS.
1013 3111 1085 3150 cum
1107 3089 1201 3173 vulgo
1217 3087 1340 3170 legatur

309 3193 489 3275 ιιειιοιήκας.
511 3232 552 3246 --

389 3300 512 3364 Eodem
533 3301 629 3364 modo
651 3303 759 3366 dicere¹
781 3303 855 3365 licet
873 3302 1078 3366 Athenienses
1097 3323 1185 3364 suam
1199 3301 1339 3386 ipsorum

307 3409 421 3476 urhern
444 3408 476 3469 in
498 3408 668 3476 Throniam
688 3419 834 3487 mutasse,
857 3410 939 3472 unde
954 3410 1114 3492 permulta
1130 3431 1220 3473 saera
1233 3431 1340 3472 susce-

306 3525 430 3600 perant.
483 3515 575 3578 Mitto
611 3515 717 3600 Priapi
752 3525 922 3578 nocturnas
959 3499 1126 3599 religiones
1157 3527 1189 3580 et
1217 3526 1341 3579 secreta

306 3625 398 3699 festa,
421 3645 557 3706 qnorum
572 3620 757 3686 'sacerdotes
789 3633 902 3707 mystas
921 3634 1015 3686 vocat
1033 3623 1219 3695 Petronius;
1246 3623 1341 3684 mitto

308 3729 443 3792 aliorum
466 3729 613 3812 mysteria
634 3729 771 3792 nefanda
793 3703 825 3792 et
846 3729 1042 3795 humanitate
1055 3753 1184 3814 prorsus
1200 3731 1341 3815 indigna.

304 3836 465 3899 Nonnulla
486 3858 675 3903 moneamus
689 3837 728 3899 de
743 3837 883 3921 Cotytto,
906 3838 964 3900 dea
978 3837 1149 3915 Thracum,
1164 3861 1247 3922 quae
1266 3862 1341 3902 cum

307 3940 428 4024 Cotyde
446 3963 508 4004 una
527 3944 700 4027 eademque
716 3965 781 4006 esse
800 3945 934 4006 videtur.
967 3945 1056 4006 Hane
1074 3945 1232 4008 Thraciae
1247 3945 1342 4009 dearn

310 4068 377 4110 esse
393 4047 488 4111 docet
499 4051 623 4138 ¹Strabo
639 4053 679 4112 X.
695 4069 764 4128 470·
785 4049 834 4112 ed.
853 4033 986 4112 Casaub.¹
1013 4047 1142 4123 Τοόιοις
1154 4053 1183 4114 δ’
1195 4048 1278 4116 ἔοικε
1292 4053 1344 4117 κατ’
