2846 4788
616 33 622 76 i

506 331 553 348 ··
605 253 748 378 5¹&

104 489 224 570 pulsus,
239 509 313 570 *pro
340 487 458 550 reditus
487 474 582 572 ipsius
611 492 716 572 pretio
739 487 877 553 coeundi
898 509 971 554 cum
991 487 1134 574 Elpinice

102 595 264 678 accepisse
294 604 494 678 potestatem,
523 595 611 656 cuius
640 589 687 658 rel
717 593 912 659 mentionem
930 595 1020 660 haud
1042 595 1136 659 dubie

100 700 181 762 facit
201 701 331 784 Eupolis
353 701 404 760 his
422 701 543 762 verbis:

91 873 95 878 =
185 836 280 903 κακὸς
299 827 358 909 μὲν
378 821 434 891 οὔκ
458 821 495 910 ἦν
516 828 571 913 (sc.
590 823 607 893 ὃ
628 827 753 914 Κίμων)
769 825 941 915 φιλοπότης
951 827 986 893 aa
1001 826 1136 920 appeler

91 985 96 995 .
185 930 303 1022 xgivthr'
323 929 503 1015 ἀπεκοιμᾶτ’
523 928 562 1000 civ
583 936 618 1002 ἐν
638 933 851 1017 Λακεδαίμονι

186 1035 440 1130 κᾷνἝλνὲινίκην
459 1037 548 1124 τήνδε
568 1045 750 1108 καταλιπὼν
769 1039 880 1126 μόνην.
902 1099 903 1104 ,

37 1167 39 1170 ’
96 1171 200 1234 Plura
220 1171 292 1233 vide
314 1171 399 1256 apud
417 1171 626 1237 Plutarchum
647 1174 679 1235 in
701 1173 826 1241 Pericle
850 1194 877 1236 c.
901 1195 949 1238 ro.

75 1368 82 1376 .
186 1277 287 1380 Talia·⁸
303 1277 484 1362 principum
513 1279 633 1342 s'o'elera
661 1279 841 1364 turpissima
875 1279 989 1342 comici
1020 1287 1134 1363 poetae

99 1385 221 1470 partim
244 1385 469 1478 ercogitarunt,
490 1387 607 1469 partim
629 1397 782 1449 auxerunt
803 1387 889 1449 etin
911 1408 1005 1453 scena
1026 1407 1134 1447 coram

98 1491 223 1577 populo
247 1495 451 1576 exagitarunt.
492 1493 667 1572 Sufficiant,
690 1517 772 1578 qnae
788 1493 959 1584 attulimus,
977 1491 1017 1556 ad
1034 1494 1133 1576 ipsam

95 1621 172 1662 rem
194 1600 430 1679 declarandam,
451 1601 544 1686 plura
559 1601 643 1662 enim
656 1600 748 1660 huius
762 1579 940 1682 argumenti
957 1601 1135 1681 fragmenta

100 1729 168 1770 non
196 1709 346 1770 videntur
373 1718 497 1769 servata
525 1729 620 1800 esse.x
657 1708 852 1788 Magnopere
885 1703 1057 1766 dolendum
1088 1711 1143 1764 est'

100 1815 269 1904 deperdita
298 1835 364 1876 esso
394 1813 546 1875 Herodici
577 1813 709 1874 Cratetii
740 1813 838 1872 libros
870 1805 1134 1896 κωμῳδουμένων,

100 1944 241 2006 quornm
269 1933 370 1982 sextus
400 1922 548 1982 laudatur
580 1922 619 1982 ah
648 1921 812 1982 Athenaeo
841 1919 926 1980 XIII.
950 1923 1018 1984 581.
1038 1919 1074 1979 A.
1098 1927 1131 1978 et

101 2035 175 2110 ⁵9¹·
205 2030 251 2104 C,
275 2028 532 2110 quandoquidem
561 2027 635 2088 inde
669 2027 708 2088 de
737 2029 784 2104 iis,
805 2027 858 2108 qni
881 2049 899 2087 a
921 2025 1048 2088 comicis
1070 2035 1137 2085 trass

102 2135 192 2196 ducti
205 2141 287 2208 sunt,
303 2131 478 2191 accuratius
492 2129 579 2190 haud
593 2131 688 2191 dubie
701 2131 953 2214 perspiceremus
967 2131 1136 2191 rationem.

187 2241 252 2302 lam
280 2237 430 2315 breviter,
460 2245 613 2321 quantum
642 2236 713 2298 fieri
742 2244 847 2319 potest
877 2256 913 2296 ex
941 2233 1135 2316 fragmentis,

78 2347 330 2434 'perlustremus
351 2344 481 2404 nomina
503 2365 625 2430 eorum,
655 2363 732 2427 quos
754 2340 900 2402 Cratinus
923 2339 1039 2425 passim
1059 2360 1134 2423 per·

100 2454 261 2517 strinxerit
282 2451 331 2512 vel
353 2449 416 2511 sale
438 2471 493 2509 suo
520 2450 687 2510 notaverit.

183 2561 229 2622 Ex
256 2561 397 2622 versibus
427 2558 548 2620 Cratini
577 2557 609 2617 in
634 2555 793 2617 Periclem
821 2553 956 2638 scriptis,
989 2539 1133 2638 quinon

100 2669 143 2730 ad
169 2668 242 2747 hoc,
273 2666 360 2752 qnod
388 2665 484 2727 modo
507 2663 713 2746 exposuimus,
736 2673 956 2746 argumentum
977 2670 1131 2744 spectant,

97 2774 177 2836 tales
196 2786 362 2837 servantur
379 2771 464 2856 apud
479 2771 640 2832 Plutarch.
661 2773 711 2847 De
734 2769 835 2854 gloria
857 2767 1038 2832 Atheniens.
1057 2787 1084 2827 c.
1104 2771 1133 2829 8.

219 2897 344 2986 λόγοισι
364 2905 423 2986 γὰρ
445 2896 540 2966 αὐτόν
560 2898 688 2987 προάγει
709 2895 882 2984 Περικλέης

223 3005 341 3091 ἔργοισι
363 3003 469 3072 t’ott't
492 3017 573 3072 κινεῖ
589 3044 627 3058 -

100 3145 278 3220 spectantes
303 3139 342 3200 ad
363 3163 489 3200 murum
513 3140 652 3224 longum,
677 3137 715 3201 de
738 3158 800 3220 quo
820 3132 1016 3197 aedificando
1033 3131 1132 3196 resen

100 3244 250 3322 Socrates
283 3265 315 3304 se
346 3246 477 3328 audiisse
510 3246 695 3308 suadentem
721 3242 891 3317 Periclem,
933 3240 1134 3303 Callicratem

99 3369 179 3410 vero
206 3370 278 3408 eum
298 3349 479 3412 faciendum
500 3351 680 3434 suscepisse.
734 3348 863 3413 Mordet
883 3346 1004 3410 scilicet
1029 3343 1133 3406 Crati-

81 3463 159 3518 'nus
181 3453 243 3515 hoc
266 3477 355 3540 opus,
383 3458 468 3540 quod
489 3459 626 3542 segniter
648 3457 874 3518 absolveretur.

184 3564 333 3624 Boetoios
361 3563 429 3626 illos
462 3565 494 3624 in
525 3587 628 3628 crasso
663 3568 736 3626 a‘ere
758 3569 848 3626 natos
870 3569 963 3622 vocat
988 3558 1137 3620 Cratinus

100 3673 325 3752 συοβοιωτικόν
344 3666 518 3757 πεζοφόρον
540 3669 628 3756 γένος
652 3665 783 3754 ἀνδρῶν.
825 3667 930 3728 Schol.
952 3667 993 3732 ad
1004 3665 1133 3730 Pindar.

100 3779 154 3838 Ol.
177 3777 229 3839 Vl.
255 3785 322 3842 133.
345 3801 376 3862 p.
395 3783 444 3860 69.
465 3779 514 3844 ed.
537 3781 637 3840 Onon.
661 3779 700 3838 cf.
721 3776 843 3836 Polluc.
864 3776 933 3838 Vll.
954 3778 1003 3838 88.

180 3889 230 3948 De
251 3885 374 3946 Solonis
396 3885 515 3968 legibus
538 3884 658 3952 Cratini
671 3894 815 3975 tempore
832 3881 980 3968 neglectis
996 3875 1135 3980 notantia

103 4000 150 4056 est
169 3989 249 4058 haec
272 3993 443 4060 sententia:
