2814 4784
661 293 901 419 ..¹14-

268 535 397 595 trariam
427 531 684 616 significationem
711 535 834 598 habere
861 535 986 600 videtur
1006 539 1041 600 τᾶ
1066 536 1167 623 βραχὺ
1189 530 1295 616 στόμα

268 663 318 723 ap.
338 637 511 702 Pindarum
532 643 619 702 Nem.
644 641 684 703 X.
706 646 781 718 at),
794 641 880 726 quoal
897 643 1046 706 torrentis
1067 643 1166 704 instar
1177 663 1295 725 magno

265 767 338 808 cum
359 747 480 830 impetu
500 769 593 808 ruens
619 749 725 810 omnia
745 749 875 810 adversa
897 769 1004 810 seram
1023 750 1107 832 rapit
1126 758 1218 831 atque
1243 747 1296 808 di-

264 854 359 915 rimit.
403 853 450 918 Cf.
472 853 577 914 Schol.
600 851 640 912 ad
661 854 817 936 Aristoph.
839 855 969 938 Equites
989 855 1009 914 l.
1032 855 1079 915 cs
1102 855 1191 916 Hanc
1214 876 1294 916 vero

264 983 409 1044 magnam
435 959 561 1020 laudem
589 979 653 1018 non
674 959 795 1019 ironice
818 961 857 1020 ab
880 960 1089 1044 Aristophane
1110 959 1295 1022 translatam

265 1089 330 1129 esse
359 1068 391 1127 in
422 1065 596 1142 Cratinum,
631 1064 682 1125 vel
713 1065 753 1125 ob
786 1065 878 1124 aliam
908 1087 1044 1143 causam,
1077 1087 1157 1148 quae
1186 1064 1295 1148 placet

263 1173 469 1250 Scholiastae,
491 1195 588 1256 quum
610 1171 687 1234 dicit
707 1173 743 1232 τό
767 1165 880 1253 ῥεύσας
901 1164 964 1234 εἶπε
982 1169 1132 1234 σκώπτων
1155 1173 1234 1254 πρὸς
1253 1174 1292 1234 τό
1363 1148 1369 1162 .

263 1282 401 1361 ἐνουρεῖν
420 1281 477 1340 τὸν
497 1281 663 1360 Κρατῖνον,
693 1287 781 1360 patet
802 1287 891 1339 etex
914 1278 1009 1337 totius
1032 1278 1172 1360 imaginis
1195 1278 1294 1338 subli-

262 1389 371 1448 mitate
400 1395 433 1447 et
458 1407 493 1446 ex
524 1385 595 1446 loco
628 1394 788 1468 sequente.
832 1385 1046 1467 Conqueritur
1067 1383 1291 1466 Aristophanes
1368 1451 1371 1457 Δ

264 1492 303 1553 de
334 1511 446 1574 magna
478 1490 797 1552 celebratissimorum
826 1491 901 1552 olim
922 1501 1090 1573 poetarum
1111 1491 1238 1552 miseria
1260 1502 1293 1552 et

262 1598 451 1681 deplorabili
481 1597 663 1662 conditione
694 1599 831 1674 vivendi,
863 1599 895 1658 in
927 1619 1021 1680 quam
1051 1597 1293 1660 Atheniensium

260 1727 348 1766 mens
378 1706 557 1767 inconstans
589 1713 620 1766 et
642 1704 769 1765 diversis
792 1705 988 1787 temporibus
1011 1703 1216 1765 diversissima
1238 1727 1292 1768 eos

261 1811 421 1883 deiecerit;
441 1813 588 1894 adquam
603 1812 789 1872 sententiam
805 1811 1054 1872 confirmandam
1071 1810 1171 1870 utitur
1189 1833 1293 1874 exem-

259 1917 318 1998 plis
351 1917 539 1999 quibusdam
572 1916 738 1999 exquisitis,
779 1916 812 1975 in
841 1917 949 1997 primis
978 1917 1109 1993 Cratini,
1140 1938 1224 1978 nunc
1252 1919 1302 1980 ad.

260 2023 455 2106 deorepitam
482 2032 677 2084 senectutem
706 2022 850 2104 provecti
878 2032 1009 2104 poetae,
1041 2024 1129 2084 cuius
1161 2047 1289 2107 quoque

260 2129 336 2190 olim
360 2130 490 2210 maxima
513 2137 583 2216 emt¹
596 2129 680 2212 apud
695 2130 848 2213 populum
866 2130 1042 2193 celebritas.
1085 2133 1193 2216 Pergit
1207 2135 1291 2194 enim

257 2233 319 2298 hoc
342 2237 457 2297 modo:
712 2293 716 2303 ,

334 2333 444 2402 Ἆισαι
465 2341 494 2402 δ’
518 2334 575 2402 οὐκ
594 2330 632 2420 ἦν
653 2338 686 2402 ἐν
708 2303 869 2424 ξυμποσίῳ
893 2303 975 2420 aibr
998 2341 1136 2404 ΛΩΡΟΙ
1156 2344 1292 2406 ΣΥΚΟ.

745 2445 943 2521 ΠΕΔΙΛΕ,
968 2489 973 2510 .

339 2544 393 2608 καὶ
411 2545 652 2609 ΤΕΚΤΟΝΕΣ
667 2549 978 2620 ΕΥΠΑΛΑΜῼΝ
997 2545 1173 2610 ῩΜΝΩΝ·
1187 2537 1292 2626 οὕτως

283 2650 286 2660 “
441 2667 443 2671 ’
738 2643 872 2735 ἤνθησεν
892 2655 1015 2726 ἐκεῖνος.
1288 2657 1293 2666 ”

336 2756 406 2822 rora*
426 2758 455 2820 δ’
474 2750 562 2836 ὑμεῖς
583 2747 679 2822 αὖτόν
701 2750 832 2842 ὁρῶντες
847 2749 1072 2842 παραληροῦντ’
1096 2749 1151 2818 οὐκ
1167 2757 1288 2840 ἐλεεῖτε,

336 2863 551 2932 ἐκπιπτουσῶν
589 2863 660 2931 τῶν,
678 2856 836 2948 ἠλέκτρων
869 2863 922 2927 καί
948 2861 1006 2926 rosi
1035 2857 1128 2926 τόνου
1152 2859 1208 2929 οὐκ
1242 2867 1288 2931 ἔτ’

742 2968 876 3045 ἔνοντος,

337 3077 399 3138 τῶν
426 3081 460 3140 θ’
488 3073 647 3161 ἁρμονιῶν
674 3073 920 3155 διαχασκουσῶν·
950 3063 1031 3136 aitte
1051 3069 1149 3157 γε’ριον
1168 3071 1213 3142 a'ir
1232 3104 1286 3144 πε.

738 3181 865 3272 pelopia,
888 3271 890 3276 ε

336 3283 440 3379 ὅσπερ
473 3292 608 3372 Κοννᾶς,
640 3289 793 3379 στέφανον
823 3291 881 3374 μὲν
912 3290 992 3376 ἔχων
1023 3285 1111 3375 αὖον,
1143 3293 1227 3377 δίψει
1255 3295 1286 3358 δ’

737 3393 923 3478 ἀπολωλώς,

337 3503 374 3570 «tv
402 3505 483 3618 xpjr
511 3507 563 3569 διὰ
591 3509 648 3581 τὰς
677 3503 829 3592 προτέρας
850 3505 936 3582 νίκας
958 3504 1055 3570 αι’νειν
1074 3506 1109 3570 ἐν
1129 3507 1174 3596 τῷ
1195 3511 1287 3593 Προ-

737 3611 845 3699 τανείῳ
930 3689 933 3692 ,

336 3721 391 3784 κατ’
405 3721 451 3801 μὴ
467 3723 580 3803 ληρεῖν,
592 3713 673 3782 ἀλλὰ
685 3719 819 3782 θεᾶσθαι
831 3720 962 3804 λιπαρὰν
973 3719 1057 3802 παρὰ
1069 3717 1113 3805 aqi
1129 3713 1286 3805 Διονύσῳ.

254 3827 342 3890 Haec
368 3828 439 3890 satis
463 3828 626 3890 declarant
646 3827 811 3890 Cratinum
831 3838 937 3890 tantae
958 3829 1053 3888 fuisse
1080 3825 1284 3902 celebritatis,

253 3943 291 3994 ut
312 3933 377 3994 eius
398 3944 522 4034 tantum
535 3933 675 3994 carmina
694 3933 728 3994 in
748 3934 896 3995 conviviis
910 3935 1043 3996 recitata
1061 3934 1131 3993 sint.
1171 3931 1286 3992 Oritur

252 4040 408 4125 quaestio,
446 4061 579 4126 eamque
607 4040 778 4104 commovit
814 4041 1028 4120 Casaubonus,
1070 4049 1177 4104 utrum
1203 4037 1286 4101 boec
