2814 4784
457 334 698 400 ...37-

63 517 190 579 fabulae
210 513 439 592 oeconomiam,
464 535 557 595 quam
580 515 694 576 Graeci
715 523 840 588 vocant,
859 513 983 597 singulis
998 513 1086 576 lineis

63 623 255 706 descriptam
293 621 444 682 servavit·
467 619 557 682 nobis
596 617 770 680 Scholiasta
807 619 846 680 nd
873 622 1088 707 Aristophanis

63 731 195 812 Equites
216 752 245 788 v.
267 734 354 808 399.:

147 835 251 896 Finxit
284 829 488 890 Comoediam
524 851 579 892 seu
618 832 740 890 Musam
778 831 932 892 eomieam
962 853 1092 894 uxorem

66 964 156 1002 suam
178 960 255 1014 esse,
277 959 357 1019 quae
377 936 543 997 divortium
561 937 666 997 facere
686 947 779 1019 atque
801 947 934 1021 propter
947 937 1093 998 inertiam

68 1047 279 1126 iniuriamque
310 1040 368 1103 sibi
404 1042 521 1103 illatam
560 1043 647 1104 litem
689 1045 748 1128 ipsi
779 1044 944 1105 intendere
976 1047 1092 1128 coepit.

67 1150 172 1212 Amici
194 1149 311 1210 Cratini
332 1149 501 1210 adveniunt
523 1171 689 1234 causaque,
712 1173 770 1212 cur
790 1161 905 1235 poetae
926 1162 1094 1235 tantopere

70 1257 234 1333 irascatur,
264 1255 379 1333 audita,
409 1266 523 1338 rogant
544 1278 624 1334 eam,
647 1277 687 1318 ne
707 1267 828 1320 temere
849 1280 917 1320 rem
937 1267 1002 1318 tam
1023 1280 1096 1342 gra-

70 1386 143 1424 vem
173 1361 381 1446 aggrediatur,
414 1371 507 1445 atque
531 1361 723 1444 pollicentur
746 1363 881 1448 denique
902 1386 968 1426 sese
990 1365 1097 1426 enisu-

70 1491 123 1530 ros
147 1491 211 1530 esse
232 1490 292 1552 pro
314 1469 445 1546 viribus,
472 1460 508 1528 ut
537 1469 705 1530 amicitiam
727 1471 933 1532 cummarito
954 1481 1019 1533 tam
1041 1471 1097 1532 diu

70 1585 224 1636 servatam
256 1576 288 1635 in
318 1575 486 1657 pristinum
516 1583 630 1636 statum
650 1575 863 1638 restituerent.
913 1577 968 1637 llla
990 1587 1098 1638 autem

70 1682 288 1766 conqueritur,
310 1681 396 1764 quod
419 1681 564 1741 Cratinus
586 1681 758 1742 Comoedia
778 1681 872 1764 plane
893 1673 1003 1744 relicta
1025 1683 1099 1744 nul-

70 1790 114 1849 las
151 1789 271 1850 fabulas
299 1787 441 1871 amplius
482 1787 622 1864 doceret,
655 1808 758 1870 neque
789 1797 997 1870 componeret
1027 1787 1098 1870 (τοῦ

70 1888 276 1977 ἆγωνιζεσθαι
296 1888 434 1967 ἀποστὰς
455 1893 508 1955 καί
528 1890 726 1977 συγγράφειν)
754 1893 810 1956 sed
830 1892 986 1954 Ebrietati
1005 1915 1100 1954 vaca-

72 2011 131 2061 ret.
175 2001 297 2076 Quibus
317 2000 437 2060 'anditis
468 1999 585 2060 adeunt
615 2001 707 2059 amici
728 2001 891 2060 Cratinum
912 2001 1004 2083 eique
1022 2023 1101 2082 per-

73 2104 207 2165 suadere
230 2103 368 2177 student,
398 2113 433 2162 ut
455 2103 495 2160 ad
517 2103 720 2162 Comoediam
740 2113 921 2164 revertatur
945 2115 977 2166 et
997 2104 1102 2164 virum

75 2231 142 2271 sese
162 2217 312 2292 praestet.
355 2207 455 2267 Sicuti
476 2227 551 2266 vero
572 2206 744 2289 Sophocles
770 2207 939 2288 aliquando
963 2208 1102 2269 insaniae
1129 2277 1132 2282 Δ

76 2326 239 2379 accusatus
265 2313 426 2398 praelecta
458 2333 566 2372 coram
594 2311 748 2372 iudicibus
773 2311 885 2372 illustri
906 2312 1013 2373 fabula
1035 2314 1104 2375 Oe-

74 2425 141 2509 dipi
170 2421 303 2484 Colonei
330 2442 439 2481 omnes
469 2418 586 2482 erroris
621 2418 728 2480 delicti
765 2417 913 2495 convicit,
954 2419 1104 2503 omnique

74 2543 160 2593 mota
183 2530 334 2590 hactenus
356 2525 534 2610 suspicione
558 2525 707 2588 liberatus
730 2533 786 2602 est,
817 2525 859 2585 ita
880 2547 1008 2609 quoque
1024 2527 1103 2588 Cra-

75 2640 169 2715 tinus,
202 2646 238 2696 ut
265 2634 378 2696 mentis
408 2641 589 2716 compotem
614 2653 645 2694 se
666 2640 843 2715 praestaret
864 2641 896 2694 et
918 2635 1102 2696 comoedia-

75 2767 146 2806 rum
174 2741 417 2805 scribendarum
449 2739 587 2801 studium
615 2740 732 2800 viribus
764 2740 893 2824 integris
921 2741 1048 2816 florere,
1073 2751 1106 2802 et

77 2854 167 2913 firmo
188 2851 307 2911 robore
329 2847 463 2911 multum
487 2846 592 2906 valere
615 2845 807 2920 ostenderet,
840 2846 954 2906 multos
974 2847 1052 2907 sales
1074 2857 1106 2908 et

78 2958 238 3040 ingeniosa
268 2953 400 3016 dicteria
427 2952 537 3012 iambis
564 2953 688 3034 prolata
719 2953 751 3012 in
781 2974 869 3012 suam
891 2950 1107 3012 defensionem

80 3063 162 3144 apud
185 3083 255 3121 suos
277 3069 474 3121 accusatores
496 3058 616 3120 offudit.
658 3058 712 3118 His
735 3059 811 3119 iocis
833 3057 962 3139 prolatis
984 3057 1106 3140 pergit:

81 3160 167 3228 tta·
200 3163 523 3248 ἐπαναστρὲψαι
556 3161 761 3245 βούλομαι
794 3163 855 3238 εἰς
882 3165 950 3226 τὸν
980 3160 1108 3246 λόγον

81 3270 288 3357 πρότερον
315 3271 482 3344 ἐκεῖνος
507 3273 606 3353 πρὸς
635 3265 779 3350 ἑτέραν
807 3279 982 3352 γυναῖκα
1003 3267 1107 3350 ἔχων

80 3377 283 3452 sinuosis,
310 3378 442 3451 κακᾶς
464 3375 577 3439 εἴποι
598 3378 702 3458 πρὸς
730 3371 893 3460 ἑτέραν,
924 3368 1117 3455 r’ill'r‘ipu'

82 3486 150 3566 μὲν
174 3486 218 3548 rei
247 3483 390 3567 γῆρας,
419 3477 500 3564 ἅμα
530 3482 572 3546 ‹ls'
599 3505 673 3562 μοι
702 3482 818 3544 δοκεῖ
842 3475 1022 3550 οὐδέποτ’
1043 3477 1106 3544 ori.

83 3594 150 3655 τοῦ
173 3588 400 3676 πρότερον,
421 3589 474 3668 καί
490 3589 529 3652 τὰ
550 3587 630 3670 ἑξῆς.
672 3589 758 3650 Haec
780 3591 877 3652 verba
898 3612 1000 3672 nuper
1023 3572 1106 3650 'Din-

86 3701 198 3762 dorfius
228 3699 367 3782 primum
396 3698 507 3758 litteris
537 3698 634 3780 paulo
665 3696 818 3757 distinctis
853 3696 983 3780 exprimi
1005 3697 1110 3778 jussit3

85 3809 177 3866 verba
210 3807 277 3888 ipsa
309 3814 342 3866 et
371 3806 598 3888 quaestionem,
630 3803 790 3885 quomodo
821 3804 960 3864 versibus
983 3803 1111 3886 integris

88 3909 259 3991 artoptanda
289 3913 361 3990 sint,
397 3934 502 3989 nemo,
535 3920 687 3994 quantum
709 3912 786 3988 scio,
816 3911 928 3994 tetigit.
980 3913 1111 3972 Rectam

87 4012 173 4078 huius
195 4021 342 4106 corrupti
361 4019 529 4104 fragmenti
553 4018 858 4102 interpretationem,
877 4017 961 4080 urrdc
977 4019 1111 4099 genuina
