2814 4784
717 333 956 408 ..42-

405 513 603 580 Vocabulum
621 517 784 604 μακὰριος,
805 543 868 606 quo
893 520 1038 584 Cratinus
1060 520 1090 580 in
1113 519 1251 584 secundo
1266 523 1355 606 frag-

324 633 432 688 mento
461 645 554 709 supra
582 625 725 709 apposito
752 627 910 690 Periclem
931 625 1113 710 alloquitur,
1137 626 1178 688 ad
1199 627 1275 690 deos
1297 653 1350 692 re·

322 731 434 808 fertum,
458 730 555 792 veluti
585 731 626 792 ad
656 731 831 815 Dionysum
854 733 905 810 (cf.
929 732 1049 796 Cratini
1069 732 1180 816 fragm.
1199 755 1234 796 ex
1250 735 1347 797 Horis

322 859 372 920 ap.
399 836 486 897 said,
517 860 546 897 v.
579 837 742 921 Παιδικὰ),
772 838 812 900 ad
841 840 905 902 vita
926 837 1102 916 defunctos,
1125 849 1278 924 quatenus
1300 844 1348 904 illi

320 941 405 1028 apud
436 942 511 1004 deos
540 941 738 1020 habitabant,
765 953 798 1006 et
818 943 979 1006 interdum
1001 944 1041 1004 ad
1060 945 1185 1007 heroas.
1207 945 1348 1010 Theocr.
1381 982 1382 988 ι

320 1051 365 1111 ld.
388 1053 472 1114 XIII.
492 1069 540 1134 ρο.
581 1051 692 1142 Potest
705 1051 802 1135 igitur
817 1051 958 1134 Iuppiter
975 1071 1101 1134 quoqne
1117 1048 1271 1134 μακάριος
1288 1077 1349 1116 αο-

319 1159 432 1220 minari
468 1167 501 1221 ot
527 1167 700 1243 propterea
721 1158 783 1220 hoo
805 1179 980 1243 cognomen
1002 1157 1104 1243 ipsum
1129 1157 1170 1218 ad
1189 1159 1348 1222 Periclem

317 1266 442 1341 referri,
470 1287 543 1326 cum
573 1265 651 1326 nihil
681 1265 830 1342 obstaret,
859 1265 1023 1356 quominus
1051 1264 1104 1326 hic
1133 1264 1175 1328 ob
1196 1266 1346 1328 fortunae

317 1372 461 1455 gradum,
476 1393 577 1454 vquem
599 1381 668 1434 crat
690 1380 858 1448 assecutus,
879 1371 989 1434 beatus
1008 1371 1118 1454 utique
1139 1369 1346 1456 praedicare-

315 1489 379 1540 tur.
428 1483 495 1541 Iam
523 1477 646 1540 accedit
673 1475 768 1541 tertia
797 1477 951 1560 quaedam
982 1477 1077 1554 ratio,
1105 1497 1168 1559 qua
1196 1477 1343 1538 Cratinus

316 1583 403 1645 haud
425 1584 521 1646 dubie
541 1595 703 1668 permotus
727 1593 783 1663 est,
806 1584 944 1646 uthans
965 1605 1077 1645 vocem
1090 1592 1271 1666 usurparet;
1296 1584 1343 1644 al-

314 1671 435 1752 luditur
464 1691 587 1753 scilicet
613 1690 652 1752 ad
682 1699 778 1773 caput
809 1688 960 1752 deforme.
1002 1689 1049 1752 Ex
1077 1689 1341 1772 interpretatione

311 1799 441 1860 Dacerii
476 1799 674 1881 aliorumque
702 1797 844 1859 virorum
871 1797 1039 1858 doctorum
1067 1791 1221 1878 μακάριος
1250 1794 1339 1878 quasi

312 1904 523 1986 compositum
551 1913 599 1966 cst
632 1925 668 1967 ex
695 1902 851 1988 particula
881 1903 1112 1987 augmentative
1137 1925 1183 1982 μοι
1204 1911 1237 1962 et
1257 1899 1338 1984 κάρα

311 2019 422 2091 caput;
453 2009 560 2094 itaque
589 2005 742 2094 μακάριος
762 2009 824 2072 hoc
853 2009 926 2072 loco
952 2010 1106 2094 significat
1136 2009 1258 2070 beatum
1281 2032 1337 2070 ca-

306 2116 450 2197 pitonem.
497 2115 590 2176 IIunc
617 2115 720 2178 lusum
746 2116 779 2178 in
806 2116 963 2180 vocabulo
983 2099 1136 2197 μακάριος
1163 2115 1336 2200 agnoscnht

307 2221 421 2305 passim
455 2221 680 2287 vetustissimae
713 2222 879 2295 editioncs;
914 2243 975 2306 pro
1004 2220 1135 2305 μακάριε
1164 2242 1273 2286 omnes
1295 2221 1332 2281 H.

306 2328 457 2412 Stephani
481 2330 581 2392 Codd.
602 2330 772 2393 lectionem
798 2326 885 2412 ιιιίριι
908 2329 1065 2408 exhibent,
1088 2339 1182 2413 atque
1205 2331 1331 2411 Anony-

306 2456 374 2494 mus
401 2434 489 2496 dedit
511 2434 734 2520 μακροκάρηνε,
753 2457 817 2498 non
842 2436 987 2498 codicum
1008 2436 1209 2514 auctoritate,
1228 2444 1264 2497 ut
1285 2433 1332 2494 vi·

306 2539 410 2616 detur,
433 2539 489 2600 scd
512 2562 567 2602 sna
588 2543 737 2626 opinione
758 2542 852 2604 nisus.
894 2543 992 2604 Simili
1013 2542 1109 2605 modo
1122 2541 1253 2626 Eupolis
1269 2541 1331 2602 Pe·
1385 2547 1386 2554 ’

305 2645 416 2708 riclena
444 2657 537 2709 vocat
558 2646 725 2732 capillatur
745 2648 916 2728 (Plutarch.
938 2649 1053 2712 Pericl.
1075 2671 1103 2710 c.
1128 2655 1183 2725 3.).

384 2752 510 2816 Deinde
539 2755 727 2832 Teleclides,
763 2755 969 2834 Atheniensis,
999 2755 1114 2818 veteris
1144 2753 1327 2817 comoediae

302 2869 408 2940 poeta,
429 2859 586 2922 Periclem
607 2861 639 2923 in
658 2862 750 2923 rebus
770 2861 903 2946 puhlicis
925 2860 1176 2924 administrandis
1201 2861 1328 2923 discun-

304 2974 443 3026 ctantem
463 2967 551 3029 varia
570 2968 723 3029 inanimo
742 2969 871 3056 ancipiti
887 2991 963 3031 cura
975 2969 1154 3032 volventem
1167 2967 1263 3029 modo
1284 2966 1328 3026 ait

301 3070 411 3134 sedere
440 3073 472 3133 in
503 3075 629 3137 civitate
658 3085 787 3159 gravato
819 3076 921 3159 capite
945 3075 1153 3138 temulentum
1173 3073 1327 3157 (καρηβα-
1385 3127 1386 3152 ρ

301 3176 427 3260 ροῦνια)
447 3179 542 3241 modo
563 3203 598 3242 cr
620 3182 723 3265 capite
745 3177 883 3266 θόρυβον
903 3183 1013 3260 notris,
1026 3201 1173 3264 magnum
1190 3180 1328 3242 excitare
1385 3171 1386 3176 ¹

299 3284 470 3347 tumultum
490 3287 586 3366 (Plut.
605 3288 639 3350 in
659 3289 773 3350 Pericl.
793 3312 822 3350 c.
843 3293 884 3362 3.)
926 3289 1033 3350 Verha
1054 3287 1133 3348 haec
1153 3294 1243 3347 sunt:
1269 3288 1329 3348 Te-

298 3389 454 3472 λικλείδης
485 3390 528 3472 δὲ,
555 3392 630 3458 ποτὲ
657 3393 716 3475 μὲν
746 3391 807 3457 sind
838 3394 901 3456 sair
921 3389 1109 3476 πραγμάτων
1129 3385 1328 3473 ἠπορημένον

297 3498 463 3579 καθῆσθαί
489 3522 585 3586 φησιν
613 3489 772 3565 olitoria
799 3500 838 3585 τῇ
866 3495 955 3562 πόλει
984 3499 1228 3584 καρηβαροῦντα,
1249 3497 1330 3560 ποτὲ

296 3600 331 3666 δὲ
359 3600 456 3682 μόνον
485 3607 520 3670 ἐκ
546 3605 682 3692 κεφαλῆς
703 3602 915 3669 ἑνδεκακλίνου
936 3600 1076 3689 θόρυβον
1095 3605 1194 3666 πολὺν
1215 3603 1328 3678 ἐξανα-

200 3717 227 3739 *
294 3707 421 3776 τέλλειν.
465 3715 499 3773 In
521 3712 581 3774 hac
602 3713 764 3774 Plutarchi
780 3713 961 3775 narratione
977 3712 1055 3772 datos
1070 3711 1207 3773 diversos
1223 3711 1327 3788 locos,

294 3816 378 3879 inter
408 3839 440 3880 se
470 3841 534 3880 nnn
557 3819 775 3897 cohaerentes,
797 3841 833 3882 ex
854 3841 917 3879 una
941 3817 1115 3904 eademqne
1136 3817 1245 3878 fabula
1268 3829 1328 3878 aut

295 3923 423 3984 diversis
452 3923 610 3986 desumtos
637 3925 736 3986 latere
763 3924 924 4008 particulis
956 3922 1032 3988 ιιοτὲ
1046 3923 1118 4004 μὲν
1132 3954 1174 3970 ν·
1189 3921 1266 3985 ποτὲ
1289 3922 1329 3990 δὲ

294 4028 465 4089 certissime
492 4030 659 4093 indicatur.
709 4032 872 4094 Posterior
891 4054 963 4115 pars
984 4033 1028 4096 ita
1048 4031 1174 4094 videtur
1192 4031 1328 4095 restitu-

294 4134 375 4198 enda
398 4156 462 4198 esse
484 4157 576 4198 versu
599 4139 797 4221 anapaestico
821 4147 1007 4200 tetrametro
1030 4135 1234 4200 catalectico:
