2814 4784
436 336 771 442 '-so--⁸

76 543 226 619 solebant,
251 551 384 606 exercet.
428 541 509 605 Huic
531 545 645 619 studio,
660 543 819 628 ‹momodo
832 565 909 606 uxor
925 545 1019 610 linem
1037 546 1096 608 im-

72 659 182 732 ponat,
202 650 391 712 meditatum
845 661 848 666 ’

151 791 194 806 --
212 789 254 806 -ι
274 789 317 804 --
336 752 403 826 πῶς
421 775 469 826 τις
486 744 592 830 αὐτὸν,
613 751 679 826 πῶς
697 774 745 825 τις
765 743 805 814 ἂν

147 856 227 924 ’atne
249 860 307 922 τοῦ
327 855 425 921 πότον
444 855 579 936 παύσειε,
599 859 656 920 τοῦ
677 857 747 921 λίαν
766 853 884 938 πότους
905 891 948 908 ·-·

146 961 209 1048 'By’
232 955 306 1052 ᾦὸα·
327 965 489 1049 conpilent
508 966 568 1048 γὰρ
592 959 690 1026 αὐτοῦ
709 965 783 1039 τούς
799 959 879 1045 χόος

149 1070 205 1135 καί
221 1073 296 1146 τούς
316 1068 480 1145 καδίσκους
504 1067 746 1154 συγκεραυνώσω
769 1071 895 1134 σποδῶν

149 1177 204 1240 καὶ
221 1167 320 1240 τᾶλλο
341 1171 427 1242 νοντ’
447 1181 554 1261 α’γγείο
576 1180 614 1241 τὰ
633 1177 708 1262 ’περὶ
725 1178 781 1241 νῦν
801 1174 900 1240 πότον

147 1277 252 1357 Κόνδ’
270 1278 427 1368 ὀξύβαφον
448 1285 573 1368 οἰνηρὸν
592 1282 639 1348 ἔτι
657 1280 844 1367 κεκτήσεται.

64 1392 99 1451 ln
119 1391 222 1473 primo
240 1412 333 1464 versu
349 1400 381 1453 et
402 1375 542 1452 secundo
555 1391 733 1452 Porsouum
751 1390 981 1472 (Adron-129.)
997 1409 1089 1452 secu·

62 1509 112 1558 tus
134 1517 212 1576 sum,
235 1498 289 1582 qui
307 1519 343 1560 ex
362 1499 427 1558 MS.
442 1497 568 1578 Yencto
586 1497 668 1560 hanc
686 1497 856 1560 lectionem
872 1497 1091 1580 perturhatam

62 1613 96 1666 et
116 1615 300 1688 oormrptam
321 1606 404 1668 hene
426 1605 573 1667 restituit.

142 1711 191 1772 Ad
211 1710 344 1772 eandem
367 1711 488 1772 Cratini
508 1732 638 1772 uxorem
659 1707 699 1770 de
721 1709 853 1792 poculis,
876 1707 1089 1792 quorum'va-

58 1816 108 1877 ria
139 1793 267 1877 nolnina
293 1815 435 1880 indicant
463 1819 638 1900 fragmenta
668 1815 762 1895 (Poll.
791 1815 844 1877 Vl.
878 1833 929 1876 ar·
965 1819 1013 1878 23·
1037 1819 1086 1876 26.
1150 1879 1154 1890 ,

58 1923 178 1983 Zenoh.
202 1931 285 1984 cent.
309 1923 347 1985 V.
372 1915 424 2004 7),
453 1923 567 1982 marito
589 1921 788 1983 removendis
810 1920 1011 2003 cogitantem,
1035 1946 1088 1984 rc-

56 2031 128 2090 lero
156 2051 264 2094 versus
294 2052 312 2088 a
341 2029 515 2090 Scholiasta
542 2030 582 2089 ad
609 2028 774 2110 Sophoclis
804 2030 933 2092 Aiacem
965 2033 1021 2093 roh
1055 2039 1088 2092 et

55 2135 155 2196 Suicla
176 2141 332 2192 servatos:
811 2206 814 2210 ἱ

139 2228 231 2316 'Once
249 2236 309 2319 yoip
330 2229 435 2316 αὐτὴν
448 2234 537 2311 ἐκτὸς
559 2232 596 2299 ori
617 2240 725 2325 πολλῷ
741 2235 848 2324 χρόνῳ

138 2344 235 2427 Παρὰ
254 2350 337 2406 τοῖσι
358 2337 535 2428 despaleneo
554 2341 843 2426 καταπιττονμὲνην.

52 2453 106 2514 Sic
136 2451 221 2512 facili
253 2450 437 2512 coniectura
470 2473 577 2514 versus
613 2453 761 2536 legendos
783 2451 907 2513 monuit
927 2451 966 2511 cl.
987 2451 1085 2513 Hem-

51 2557 223 2620 sterhusius
245 2557 286 2619 ad
306 2556 522 2642 Aristophanis
542 2558 671 2622 Plutum
694 2581 723 2619 v.
748 2579 834 2641 1⁰9⁴·
856 2580 887 2642 p·
909 2565 979 2638 413.

132 2668 238 2728 Nubes
266 2661 483 2748 Aristophanis
515 2665 548 2725 iu
570 2675 755 2749 argumento
779 2666 820 2727 ad
838 2665 921 2726 hanc
943 2665 1082 2726 fabulam

51 2774 162 2854 quinto
185 2770 392 2834 nominantur
422 2771 526 2853 δρᾶμα
547 2773 603 2853 τῆς
623 2766 698 2853 ὅλης
720 2769 873 2854 ποιήσεως
894 2768 1062 2834 κάλλιστον
1070 2797 1080 2850 ;

50 2880 117 2962 ipse
146 2878 371 2961 Aristophanes
401 2876 484 2937 hanc
517 2878 714 2939 comoediam
736 2883 793 2959 τὴν
814 2873 999 2961 condemna
1018 2875 1081 2938 τῶν

47 2985 134 3064 ἱμῶν
155 2983 324 3068 κωμῳδάον
342 2993 436 3045 vocat
457 2984 547 3059 (Nuh.
570 2987 650 3061 518.)
680 2994 713 3045 et
733 2983 823 3044 nobis
844 2980 972 3064 quidem
994 2977 1079 3040 nuno
1132 3038 1134 3047 .

47 3087 221 3150 admodum
247 3090 374 3172 placent
407 3099 440 3150 et
471 3090 613 3172 egregiae
642 3090 800 3151 videntur.
844 3087 963 3165 Quanti
984 3087 1079 3170 igitur

46 3194 214 3257 existemus
243 3205 370 3276 oportet
395 3196 530 3280 Pytinen
562 3195 693 3273 Cratini,
716 3215 796 3278 quae
820 3194 886 3266 illas
908 3194 1012 3256 Nubes
1036 3193 1079 3255 si-

44 3299 177 3382 mulque
199 3299 353 3381 Amipsiae
378 3303 524 3362 Cunnum
541 3302 634 3382 longe
658 3298 826 3383 superavit.
846 3366 856 3386 .

127 3405 262 3490 Praeter
289 3406 532 3490 Aristophanem
558 3409 604 3484 rei
633 3407 780 3492 publicae
805 3427 932 3490 quoqne
953 3406 1076 3489 princi-

42 3533 100 3598 pes
131 3521 219 3572 tanta
248 3509 414 3574 dicacitate
444 3513 638 3574 amarulenta
665 3521 850 3596 persecutus
881 3521 938 3588 est,
971 3521 1006 3571 ut
1036 3533 1076 3574 ne

42 3619 104 3702 ipsi
120 3617 248 3696 Pericli,
271 3618 326 3702 qui
345 3618 517 3681 Plutarcho
538 3629 617 3682 teste
638 3619 754 3679 multos
775 3637 863 3702 reges
881 3625 913 3680 et
924 3627 1074 3701 tyrannos

40 3706 186 3808 potentia
216 3727 386 3812 superavit,
416 3735 573 3810 parceret.
625 3725 720 3786 Cuius
742 3725 789 3786 rei
812 3724 952 3808 exempla
977 3747 1075 3810 qnae-

42 3832 116 3892 dam
138 3833 171 3893 in
192 3825 333 3896 medium
354 3836 501 3896 conferre
523 3855 561 3896 eo
583 3832 680 3916 magis
703 3851 820 3915 operae
841 3832 980 3914 pretium
1001 3832 1073 3908 erit,

40 3959 105 4022 quo
134 3941 328 4024 praeclarius
358 3951 390 4004 et
417 3941 526 4002 iustius
558 3939 622 4015 ille,
652 3961 725 4000 eum
747 3937 915 4020 imperium
938 3937 1071 3999 civitatis
1107 3997 1112 4006 ,

39 4045 98 4108 sibi
128 4047 315 4113 vindicasset
343 4058 377 4112 et
405 4047 596 4126 retinuisset,
628 4043 824 4110 ‹lominatum
845 4043 1072 4110 administrarit
