2814 4784
741 288 1023 411 -εο---Ι

352 541 446 613 atque
474 535 649 612 suggestum
676 527 862 588 incensurus
890 524 1035 609 praecari
1063 522 1194 602 solebat,
1222 545 1263 585 ne
1288 527 1383 606 quod

351 637 411 698 sibi
429 637 559 698 verbum
582 635 614 696 in
636 643 774 696 mentem
791 633 924 709 veniret,
954 653 1016 716 quo
1036 631 1171 714 populus
1193 631 1383 693 offendere-

350 751 412 804 tur.
467 741 598 820 Quintil.
627 742 698 801 Xll.
729 762 763 822 c..
782 763 811 822 9.
853 737 972 804 helian.
1000 739 1076 800 Var.
1098 737 1176 797 Hist.
1198 737 1249 797 lV.
1274 759 1304 796 c.
1333 761 1380 799 ro.

350 851 434 910 Raro
456 859 488 910 et
514 849 615 908 minus
639 848 754 908 acerbe
775 846 860 928 apud
880 843 1121 928 Aristophanem
1141 841 1326 903 traducitur
1350 855 1380 903 et

351 975 389 1014 eo
422 953 537 1014 minori
570 951 777 1012 admiratione
809 947 1045 1018 commovemur
1077 950 1109 1010 in
1143 945 1377 1010 considerando

350 1058 480 1142 impetn,
498 1057 754 1142 quandoquidem
772 1056 922 1134 Pericles,
944 1056 1073 1118 Cratino
1095 1066 1196 1117 artem
1219 1056 1376 1116 cornicem

348 1188 409 1248 pro
436 1165 553 1226 viribus
576 1155 750 1240 erercente,
777 1185 932 1224 summum
963 1183 1071 1223 rerum
1091 1161 1307 1244 principatum
1332 1173 1388 1226 ter

350 1272 458 1347 nebat,
482 1269 690 1352 Aristophane
705 1291 781 1330 vero
794 1267 972 1331 comoedias
991 1269 1022 1328 in
1042 1289 1167 1330 scenam
1179 1267 1371 1350 proferente,

344 1387 494 1437 mortuus
527 1384 605 1451 erat,
630 1374 765 1458 ideoque
787 1397 850 1436 nou
872 1374 1046 1436 verendum
1067 1385 1147 1452 erat,
1170 1396 1210 1436 ne
1232 1373 1299 1435 eius
1325 1395 1388 1436 aut

352 1482 460 1542 daciae
489 1483 578 1542 frena
605 1481 759 1542 iniiceret.
809 1481 954 1542 Cratinus
982 1480 1139 1542 Periclem
1158 1480 1260 1562 ipsum
1284 1490 1372 1542 vocat

353 1583 592 1672 κεφαληγερέταν
614 1587 661 1646 his
681 1587 783 1648 verbis
806 1585 891 1668 apud
909 1585 1115 1647 Plutarchum
1134 1586 1167 1646 in
1185 1587 1249 1647 vita
1260 1587 1370 1649 Pericl

352 1719 379 1755 c.
405 1699 453 1760 53.

433 1797 547 1874 Στάσις
568 1798 602 1862 δὲ
623 1797 676 1860 καί
695 1794 901 1880 πρεσβσγὲνης
922 1793 1050 1880 Χρόνος
1072 1790 1256 1879 ἇλλὴλοισιν

431 1904 551 1987 μιγέντε
571 1903 718 1987 μέγιστον
738 1905 873 1966 τίκτετον
892 1899 1043 1986 τύραννον
1083 1954 1086 1962 .

431 2005 469 2074 ὃν
490 2012 527 2090 δὴ
549 2007 789 2094 κεφαληγερέταν
807 2007 878 2072 θεοὶ
896 2008 1070 2086 καλέουσιν,

352 2116 493 2178 alludens
515 2116 686 2178 aelnotum
708 2117 785 2177 illud
809 2115 970 2200 epitheton
993 2113 1198 2177 Homericum
1214 2115 1309 2192 lovis,
1326 2115 1367 2199 qui

249 2246 256 2256 ·
350 2220 567 2307 νεφεληγερέτα
588 2233 729 2298 vocatur,
751 2233 904 2306 quatenus
921 2223 1019 2284 nubes
1038 2221 1229 2282 contrahere
1249 2232 1282 2284 et
1300 2233 1367 2283 tem-

349 2331 521 2412 pestatibus
546 2350 691 2410 praeesse
708 2329 909 2391 credebatur.
950 2326 1075 2389 Eodem
1092 2328 1187 2388 modo
1203 2327 1367 2388 laudandus

348 2444 397 2493 est
417 2434 493 2492 alius
518 2435 638 2494 Cratini
664 2455 770 2494 versus
792 2433 824 2493 in
844 2433 1018 2494 Periclem:

432 2527 579 2612 Mieza}
602 2537 666 2600 Ζεῦ
687 2533 764 2610 ’ξένιε
789 2533 842 2598 καί
861 2533 1002 2621 μακάριε.

351 2642 443 2700 Hunc
468 2643 574 2703 locum
603 2643 736 2725 excipiat
763 2643 874 2704 tertius
904 2665 939 2704 ea
969 2643 1080 2704 eadem
1109 2641 1173 2702 vita
1202 2643 1370 2704 Periclisr

348 2747 521 2808 Plutarcho
556 2748 713 2830 descripta
738 2770 765 2808 c.
789 2755 846 2826 13,
869 2749 901 2810 in
923 2771 985 2834 qua
1006 2749 1127 2809 Cratini
1147 2771 1256 2812 versus
1279 2773 1315 2812 ex
1334 2752 1370 2812 la-

348 2853 434 2929 bula,
459 2875 539 2937 quae
562 2853 700 2936 Θρᾶτται
721 2855 913 2933 inscribitur,
937 2855 1120 2916 laudantur:

424 2957 458 3023 Ὁ
479 2957 702 3044 σχινοκέφαλος
726 2963 807 3034 Ζεὺς
830 2954 880 3023 ride
902 2958 1108 3044 προσέρχεται

431 3063 612 3147 Περικλέης,
633 3060 759 3151 τῴδεῖον
783 3064 836 3128 tat
855 3068 910 3129 τοῦ
935 3064 1063 3150 κρανίου

428 3161 542 3250 ῑἜχων,
563 3170 666 3252 ἐπειδὴ
687 3162 879 3255 τοῦστρακον
899 3169 1089 3254 παροίχεται.

348 3275 490 3337 Primum
512 3270 636 3338 versum
657 3279 792 3340 servavit
814 3301 941 3362 quoque
959 3278 1072 3344 ¹Pollur
1093 3279 1130 3338 ll.
1152 3280 1291 3356 43.,'ul›i
1311 3282 1371 3341 oliru

348 3380 568 3466 ἐχινοκέφαλος
588 3406 759 3467 perperam
778 3385 951 3468 legebatur.

430 3491 532 3554 Locus
563 3492 694 3574 primus,
726 3493 751 3551 si
783 3494 961 3554 accuratius
984 3493 1213 3570 consideratur,
1238 3496 1371 3557 colorem

346 3597 444 3656 habet
473 3597 599 3657 illorum
629 3607 822 3679 poematum,
855 3621 935 3680 quae
966 3599 1150 3681 theogonias
1178 3612 1313 3678 vocant,
1350 3601 1372 3657 in

345 3703 463 3784 quihus
485 3701 653 3762 irridendis
678 3703 822 3769 Cratinus
846 3725 883 3763 eo
905 3707 1068 3786 processit,
1096 3717 1132 3766 ut
1153 3705 1318 3769 Periclem
1337 3713 1374 3766 ln·

347 3811 392 3869 vis
426 3809 553 3869 nomine
588 3807 784 3888 designatum
806 3810 846 3870 ad
866 3831 974 3870 rerum
994 3810 1168 3893 primordia
1191 3813 1335 3876 referret
1354 3819 1374 3870 et

347 3938 365 3974 a
386 3912 495 3996 primis
519 3899 703 3996 originibus,
726 3916 813 4000 quasi
838 3918 876 3978 ab
898 3917 1084 4002 archetypo,
1105 3929 1281 4004 repeteret.
1327 3925 1374 3980 Le-

346 4020 506 4106 pidissimc
535 4031 763 4084 cornmemorat
786 4018 874 4104 με’ξιν
906 4021 1047 4100 Στάσεως
1077 4025 1131 4090 καί
1155 4022 1301 4109 Χρόνου,
1326 4047 1377 4111 qua
