2814 4784
363 394 722 499 “··-17··Ῑ

161 573 317 636 Videntur
354 574 444 634 multi
475 573 559 631 banc
583 572 688 630 locum
712 589 881 652 perperam
907 569 1101 632 intellexisse.

86 678 290 764 Ταυροφάγος
320 689 367 739 cst
396 675 557 758 epitheton
581 675 722 758 Dionysi,
742 696 805 758 quo
828 696 891 735 non
911 677 1010 736 solum
1032 675 1102 736 Ari-

80 787 247 868 stophanes
275 785 330 845 sed
358 782 451 843 ctiam
475 781 648 865 Sophocles
677 783 708 842 in
739 783 824 864 Tyro
855 801 926 840 usus
954 791 1009 842 est.
1053 781 1100 840 Cf.

79 892 185 952 Schol.
209 893 249 951 ad
275 891 352 948 Itan.
382 888 402 946 l.
436 909 463 948 c.
496 886 668 948 Aristarchi
699 886 842 969 discipuli
863 885 1022 972 Bacchum
1041 885 1103 946 hoc

75 997 172 1057 modo
197 997 317 1056 dictum
340 1015 403 1054 esse
424 993 620 1054 contendunt
640 1002 775 1076 propter
794 994 891 1055 boves
914 992 985 1068 illis,
1003 992 1103 1074 quiin
1159 1075 1165 1085 ι

78 1101 282 1184 dithyrambis
305 1100 468 1161 victoriam
490 1100 693 1182 reportarint,
710 1100 793 1174 dono
808 1099 930 1160 oblatos
946 1101 997 1176 (cl.
1010 1098 1102 1160 Phot.

78 1208 153 1302 tex.
190 1203 401 1289 Tavpopdyor.
444 1206 550 1267 Schol.
585 1206 625 1267 ad
654 1205 813 1290 Aristopb.
836 1206 856 1265 l.
877 1209 937 1282 c.):
972 1226 1108 1287 quorum

77 1312 186 1394 opinio
207 1312 267 1371 iam
291 1334 308 1371 a
329 1313 489 1373 veteribus
512 1313 646 1374 refutata
668 1334 733 1374 esse
747 1312 882 1374 videtur.
923 1312 1026 1375 Porro
1046 1332 1104 1371 ne·
1195 1361 1197 1370 .

76 1442 138 1502 que
161 1419 323 1503 epitheton
345 1420 385 1480 ad
408 1421 572 1481 Cratinum
592 1421 729 1482 relatum
744 1428 799 1495 est,
817 1417 904 1502 quod
917 1418 982 1480 viui
998 1439 1103 1478 amans

73 1526 143 1600 fuit,
177 1547 280 1608 neque
302 1527 388 1610 quod
406 1538 508 1589 mater
530 1527 594 1588 eius
617 1526 733 1588 Bacchi
759 1525 986 1609 Moscbophagi
1007 1525 1102 1610 sacris

70 1631 193 1693 initiata
213 1633 350 1695 hahetur
379 1633 477 1712 (Suid.
498 1657 537 1694 v.·
557 1629 772 1717 Ταυροφάγος.
802 1632 906 1694 Schol.
928 1635 948 1692 l.
972 1637 1024 1710 c),
1047 1632 1102 1694 sed

73 1737 253 1800 declaratur
272 1741 377 1823 potius
398 1741 459 1801 boc
478 1739 618 1823 epitheto
638 1739 763 1824 insignis
782 1738 903 1800 Cratini
925 1739 1102 1815 character,

71 1867 184 1928 magna
215 1845 340 1908 dicendi
373 1847 519 1930 gravitas,
547 1869 609 1930 qua
638 1846 871 1938 sublimitatem,
893 1855 1047 1928 quatenus
1069 1846 1102 1906 in

71 1952 270 2012 comoediam
291 1955 472 2036 quadraret,
501 1955 622 2016 referre
642 1962 788 2024 ,conatus
819 1961 873 2013 est.
928 1951 1102 2014 Comoedia

72 2057 113 2115 ad
137 2057 298 2118 Bacchum
328 2059 415 2139 quasi
451 2059 492 2117 ad
522 2061 643 2118 fontem
674 2060 821 2134 recurrit,
854 2081 988 2141 eumque
1010 2056 1102 2117 huius

70 2161 147 2220 artis
168 2162 346 2241 praesidem
368 2172 400 2220 et
422 2162 573 2220 vicarium
591 2163 767 2242 saepissime
785 2163 934 2224 declarat.
982 2167 1103 2244 Ταυρο-

68 2261 171 2348 φὰγος
195 2276 241 2326 est
262 2265 425 2348 epitheton
448 2287 513 2326 non
534 2289 552 2326 a
574 2267 701 2327 comicis
723 2266 854 2342 ironice,
872 2267 926 2328 sed
940 2289 959 2326 a
977 2267 1102 2349 tragicis

70 2372 175 2452 poetis
200 2371 330 2434 Baccho
361 2373 526 2450 tributum,
556 2373 643 2457 quod
663 2383 797 2457 propter
817 2383 917 2436 certas
939 2395 1045 2434 causas
1069 2373 1102 2435 iu

69 2480 223 2542 interiore
250 2483 446 2541 Graecorum
467 2480 619 2564 religione
632 2480 764 2542 latentes
780 2481 811 2542 ia
828 2502 900 2542 eum
914 2481 1101 2544 translatum

68 2597 124 2648 est.
178 2586 279 2646 Simili
311 2585 407 2646 modo
441 2587 523 2646 Juao
555 2582 724 2669 αἰγοφὰγος
754 2587 899 2670 (Hesych.
921 2610 944 2648 s.
966 2611 994 2651 v.
1016 2587 1103 2671 αἰγο-

66 2689 178 2775 otyor.
208 2693 342 2760 Pausan.
373 2693 491 2754 Lacon.
515 2675 549 2756 cs
571 2697 642 2771 rb),
665 2683 806 2775 luppiter
827 2691 994 2778 αἰγοφὰγος
1016 2697 1101 2779 apud

67 2800 263 2861 Nicandrum
299 2800 474 2876 dicebatur,
506 2799 579 2883 quia
610 2800 755 2860 animalia
788 2800 842 2862 illa
872 2800 998 2883 singulis
1030 2801 1100 2879 diis,

68 2905 109 2963 ad
133 2929 210 2992 quos
231 2906 445 2989 pertinebant,
459 2905 713 2966 immolabantur.
756 2906 1025 2987 Significationem
1042 2905 1100 2965 de-

67 3013 203 3072 vorandi
234 3013 266 3073 in
296 3013 343 3072 bis
376 3012 537 3073 vocabulis
568 3012 762 3094 aliquatenus
785 3012 944 3074 evanuisse
969 3011 1102 3072 demon-⁴

68 3125 190 3176 stratur
218 3119 289 3180 loco
317 3119 457 3194 Hesiodi,
473 3109 558 3203 Ἔργ.
579 3137 649 3197 204,
672 3119 727 3180 ubi
750 3113 928 3201 δωροφάγοι
950 3118 1102 3180 dicuntur

66 3221 102 3297 ii,
136 3224 190 3304 qui
214 3224 296 3284 dona
318 3227 486 3308 accipiunt,
517 3226 602 3286 nulla
627 3225 775 3308 singidari
795 3224 1021 3307 significatione
1043 3227 1099 3287 ad-

66 3326 180 3392 bibita.
222 3331 321 3392 Sicuti
346 3332 385 3391 ad
406 3331 565 3392 Bacchum
587 3333 715 3416 eiusque
740 3354 828 3392 sacra
846 3331 1100 3412 comoediaper-

30 3489 39 3508 ,
67 3433 159 3514 tinet,
184 3437 228 3496 sic
250 3437 306 3514 illi,
339 3439 393 3522 qui
417 3439 496 3500 haec
523 3461 612 3499 sacra
635 3439 668 3500 iu
690 3439 741 3498 dci
760 3437 918 3499 honorem
941 3449 1099 3516 exercent,
1124 3446 1129 3452 '

65 3539 186 3602 Bacchi
211 3542 389 3606 sacerdotes
419 3546 547 3606 omnino
578 3554 709 3628 possunt
737 3544 899 3627 appellari.
951 3545 1096 3608 Cratinus

65 3655 173 3708 autem
194 3649 235 3710 ad
255 3649 317 3710 tale
341 3649 458 3731 gloriae
480 3652 638 3734 fastigium
659 3651 809 3729 ascendit,
832 3661 868 3713 ut
888 3650 1102 3735 ipse-Aristo:

64 3749 183 3828 phanes
212 3778 277 3816 non
308 3754 477 3834 dubitaret,
513 3757 589 3840 quin
618 3756 712 3839 ipsius
743 3757 793 3820 dei
815 3779 931 3820 nomen
953 3759 1096 3823 in'illum

65 3859 265 3923 transferret.
306 3863 526 3946 Metapboram
549 3887 566 3924 a
587 3863 703 3924 Bacchi
725 3865 819 3926 sacris
835 3864 1008 3928 desumtam
1024 3869 1096 3928 Ari-

64 3963 246 4046 stophanes,
282 3958 390 4032 a'ddito
427 3969 581 4032 vocabulo
613 3965 773 4050 ἐτελέσθη,
803 3992 866 4053 quo
896 3969 1031 4035 relatui·
1046 3973 1097 4034 dei

62 4069 161 4146 paulo
192 4075 321 4140 inferius
354 4100 383 4138 v.
415 4081 483 4143 368.
508 4077 622 4142 diserte
645 4075 857 4157 declarantur,
880 4079 1003 4162 egregie
1029 4103 1095 4142 scr.
