2846 4788
712 338 951 460 ς...

396 573 529 636 Praeter
556 570 721 646 Cratinum
746 571 987 658 Aristophanem
1032 591 1170 656 qnoque·
1188 575 1365 660 scripsisse

318 675 428 764 Ὥρας,
455 687 589 741 testatur
616 679 794 742 Athenaeus
825 681 879 743 tx.
908 703 941 763 p.
964 685 1033 763 372.
1055 680 1091 742 B.
1115 679 1200 743 XIV.
1222 705 1254 766 p.
1282 689 1363 748 653.

315 788 351 850 F.
400 786 571 870 Hesychius
598 807 628 848 v.
661 781 859 864 Δικαστικὸν,
886 785 996 849 Pollux
1020 783 1090 849 Vll.
1115 793 1252 871 23.187.
1283 797 1359 852 160.
1399 807 1400 880 t

316 893 377 955 alii.
435 895 635 976 Quamquam
674 915 710 954 ex
741 894 863 955 Cratini
893 895 1000 956 fabula
1031 896 1214 980 plusquam
1235 895 1358 978 viginti

315 1001 492 1085 fragmenta
513 997 630 1060 diserte
651 999 833 1079 laudantur,
863 999 1033 1064 admodum
1056 1001 1183 1064 difficile
1207 1013 1265 1081 est,
1304 1004 1355 1080 iis,

310 1128 397 1190 quae
420 1107 466 1167 Cl.
489 1105 742 1167 Hemsterhusius
766 1106 807 1169 ad
826 1107 990 1174 Pollucem
1010 1110 1051 1169 Χ.
1074 1113 1124 1192 76.
1139 1111 1264 1194 egregie
1289 1111 1356 1170 ‹lis-

314 1213 447 1296 putavit,
468 1212 648 1296 probabilia
671 1213 798 1278 addere.
838 1214 912 1297 Egit
933 1216 1038 1300 itaque
1061 1215 1206 1278 Cratinus
1228 1217 1262 1278 iu
1290 1215 1355 1276 hac

314 1322 422 1383 fabula
451 1319 491 1380 de
522 1319 659 1402 regionis
689 1321 813 1382 Atticae
833 1322 1011 1394 fertilitate;
1041 1345 1118 1406 quos
1138 1323 1261 1384 fructus
1285 1325 1352 1384 sin-

315 1427 394 1509 gulis
415 1425 497 1496 anni¹
511 1426 747 1510 tempestatibus
772 1428 931 1511 producat
953 1427 1101 1512 explicuit
1122 1439 1155 1491 et
1175 1428 1292 1490 iubae
1316 1453 1351 1492 re

314 1530 402 1593 varie
430 1530 513 1609 lusit,
542 1532 624 1593 sicut
653 1533 830 1618 fragmenta
852 1535 1053 1598 diversissimi
1075 1538 1252 1622 argumenti
1274 1539 1349 1598 satis

315 1638 400 1700 clare
429 1638 655 1704 demonstrant.
713 1641 909 1726 Fragmentis
941 1643 1118 1704 accuratius
1148 1643 1348 1727 perlustratis

313 1743 429 1806 virleor'
446 1756 552 1844 tamen
575 1749 652 1810 mihi
675 1749 829 1812 invenisse
850 1749 979 1833 vestigia
996 1749 1162 1834 quaedam,
1177 1749 1263 1815 unde
1278 1751 1347 1811 col-

313 1852 366 1934 ligi
388 1853 503 1940 lieeta
526 1856 658 1918 Cratino
684 1855 811 1940 depicta
831 1855 925 1918 fuisse
948 1857 980 1917 in
1002 1856 1063 1916 hae
1084 1857 1190 1918 sabula
1207 1857 1346 1940 singulo-

313 1981 386 2020 rum
407 1958 567 2034 ordinum,
588 1961 642 2045 qui
665 1961 794 2027 Athenis
812 1959 983 2040 florebant,
1000 1962 1147 2034 artificia;
1169 1963 1276 2046 itaque
1290 1985 1342 2024 ce-

312 2064 483 2126 leberrima
509 2065 748 2128 Atheniensium
776 2089 849 2130 vasu
886 2069 995 2131 fictilia
1025 2070 1166 2154 aliaeque
1196 2069 1341 2129 officinae

313 2194 377 2234 nou
407 2171 512 2234 obiter
540 2173 792 2257 attingebautur;
823 2175 960 2260 ideoque
982 2197 1057 2237 uon
1085 2175 1186 2237 solum
1207 2177 1340 2258 regionis

233 2299 238 2310 ¹
312 2280 508 2342 fertilitatem
537 2281 593 2350 sed
621 2281 860 2344 Atheniensium
880 2263 987 2358 vitam,
1008 2292 1045 2344 ut
1065 2282 1108 2343 ita
1131 2281 1246 2360 dicam,
1268 2304 1342 2364 pro-

314 2387 472 2448 ductivum
485 2387 638 2448 <videmus
673 2389 867 2452 celebratam
892 2388 987 2450 fuisse
1008 2389 1069 2450 hac
1090 2387 1207 2449 fabula.
1256 2387 1340 2448 Idem

313 2492 481 2552 eonsilium
501 2493 628 2554 videtur
645 2491 868 2577 Aristophanes
890 2505 1014 2556 secutus
1041 2515 1108 2558 csse
1121 2495 1153 2555 in
1179 2493 1340 2554 comoedia

313 2596 455 2658 eiusdem
485 2596 621 2658 nominis
654 2598 782 2672 (Athen.
811 2601 868 2659 Xl.
897 2621 929 2684 p.
952 2607 1022 2684 37²·
1044 2601 1080 2662 A.
1102 2603 1137 2663 B.
1160 2605 1258 2684 eet.);
1289 2601 1340 2662 hic

280 2787 285 2791 η
313 2703 399 2765 enim
427 2722 521 2787 saepe
548 2707 582 2767 in
607 2703 804 2768 celebrandis
834 2706 963 2768 Athenis
983 2707 1115 2769 multam
1135 2729 1267 2792 operam
1284 2731 1341 2795 po-

312 2817 385 2879 suit
427 2816 535 2904 Equit.
558 2817 627 2898 579·
649 2835 716 2899 sqq.

394 2926 430 2986 In
449 2921 647 2985 Archilochis
669 2918 895 2983 Archilochum
917 2929 1057 3008 poetam,
1095 2922 1183 2984 cuius
1204 2923 1338 2984 versibus

311 3049 406 3116 saepe
435 3053 507 3094 usus
537 3039 594 3108 est,
628 3029 774 3091 Cratinus
795 3027 882 3091 haud
904 3027 999 3091 dubie
1020 3027 1141 3092 induxit
1164 3028 1339 3113 (Hephaest.

174 3131 192 3206 ¹,
310 3137 441 3200 Euchir.
469 3161 501 3221 p.
530 3141 580 3202 88.
613 3139 654 3215 8.)
689 3146 722 3198 et
750 3135 854 3198 multis
885 3136 952 3197 aliis
973 3136 1076 3220 poetis
1097 3145 1202 3220 partes
1224 3135 1341 3198 tribuit.

310 3247 430 3307 Poetae
461 3265 539 3308 vero
571 3251 608 3305 ut
641 3243 811 3322 Homerus,
837 3241 991 3306 Hesiodus
1023 3241 1077 3302 alli
1098 3243 1131 3303 in
1152 3241 1214 3303 hac
1238 3241 1339 3302 fabula

311 3351 469 3436 sophistae
500 3349 649 3436 appellati
669 3359 743 3412 sunt
773 3350 876 3434 (Diog.
897 3350 1003 3410 Laert.
1027 3349 1047 3408 l.
1073 3369 1120 3414 ra.
1140 3349 1237 3410 Clem.
1258 3347 1338 3410 Alex.

310 3460 427 3520 strom.
450 3459 473 3520 l.
500 3460 579 3535 121.)
601 3457 705 3541 prima
727 3465 760 3518 et
780 3453 1168 3540 propriavsigniticatione.
1201 3455 1249 3516 Cf.
1269 3456 1339 3516 Mit-

310 3565 496 3628 seherl.·ad
524 3564 634 3626 Horat.
665 3585 761 3624 carm.
795 3564 818 3623 l.
848 3585 876 3626 ι.
906 3579 955 3644 ²9.
983 3561 1142 3650 Aristoph.
1172 3563 1252 3624 Nub.
1275 3569 1338 3628 330.

308 3673 421 3758 Eurip.
442 3673 535 3734 Rhes.
559 3677 628 3754 92‘1.
651 3669 701 3732 ed.
724 3667 837 3730 Matth.
858 3667 987 3730 Pindar.
1010 3669 1117 3733 Isthm.
1137 3669 1176 3731 V.
1198 3674 1254 3754 36.

391 3781 441 3838 De
467 3787 652 3862 argumento
672 3776 808 3860 Pylaeae
828 3774 955 3838 fabulae
977 3777 1194 3838 coniecturam
1208 3775 1338 3860 protulit

242 3936 244 3944 ,
309 3886 359 3948 vir
382 3884 493 3945 doctus
524 3883 564 3945 de
583 3882 692 3945 Valois
715 3883 821 3960 (Mem.
844 3881 883 3944 dc
902 3881 1011 3946 l’acad.
1040 3883 1150 3968 royale
1172 3883 1226 3944 des
1248 3883 1337 3944 inser.

311 4003 344 4052 et
374 3989 472 4052 helles
495 3990 615 4052 lettres.
638 3989 750 4050 T.111.
773 4011 804 4072 p.
827 3984 920 4071 top),
943 4011 1038 4072 quam
1061 4009 1175 4074 nuper,
1198 3999 1234 4051 ut
1253 3989 1339 4051 vide-

311 4108 376 4175 tur,
399 4098 522 4180 recepit
542 4093 753 4174 Tittmaunus,
773 4093 892 4174 (Uebcr
915 4094 976 4158 den
997 4096 1089 4162 Bund
1111 4097 1170 4161 cler
1190 4097 1331 4182 Amphik-

311 4207 430 4274 tionem
442 4227 473 4289 p.
495 4203 659 4288 91.Anm.
682 4205 732 4287 7.).
