2814 4784
677 307 848 414 Δ--·34
898 371 944 388 ····
1203 375 1218 417 ν

312 531 468 607 antithesi,
491 551 571 614 quae
592 549 685 590 voces
707 521 811 609 ὥσπερ
833 525 890 590 νῦν
909 519 1034 608 ἀργύρῳ
1055 513 1076 602 ἢ
1097 515 1268 607 κοινοτέρῳ
1295 545 1361 582 ex-

301 638 409 714 hibet,
437 636 530 698 facile
550 635 715 720 probatur,
745 632 796 695 vel
826 654 862 694 ex
886 631 994 694 addito
1014 628 1170 692 vocabulo
1195 618 1357 709 ἄνθραξι,

308 741 396 826 quod
426 741 655 804 carbunculum
681 739 816 802 rubrum
843 739 945 820 ipsum
965 735 1119 820 significat
1139 733 1354 816 similemque

306 850 371 912 vim
390 849 422 908 in
442 848 597 912 electrum
618 847 791 908 transferre
812 843 949 905 videtur.
995 841 1105 904 scidas
1134 863 1164 916 v,
1192 830 1352 924 ἢλεκτρα,

306 977 342 1016 ex
363 965 471 1016 nostro
492 953 667 1014 Scholiasta
691 973 747 1012 sua
765 949 926 1026 hauriens,
948 959 985 1010 ut
1006 969 1117 1010 vocem
1134 935 1270 1030 ἢλεκτρα
1290 969 1351 1010 ex-

304 1062 449 1145 plicaret,
479 1059 578 1120 multa
607 1058 705 1120 habet
731 1077 870 1139 prorsus·
889 1065 1009 1118 mutata
1031 1063 1124 1138 atque
1146 1075 1206 1138 pro
1231 1047 1348 1137 ἠσφα-

299 1165 471 1247 -λισμίνονς
498 1165 575 1251 legit
604 1157 896 1249 ὦφθαλμισμένονς,
925 1181 1020 1246 quem
1048 1159 1219 1224 lectionem
1244 1161 1346 1220 Tou-

302 1274 374 1356 pius
400 1273 441 1334 ad
470 1273 558 1334 Suid.
587 1293 617 1334 r.
653 1265 801 1355 οὖφθολμ.
831 1279 864 1332 et
894 1267 1105 1330 Schneiderus
1127 1287 1187 1350 pro
1207 1266 1343 1329 sincera

301 1379 448 1440 hahent.⁴
486 1378 541 1442 Illa
570 1377 691 1439 scilicet
715 1386 858 1438 nostrum
885 1374 992 1436 locum
1023 1373 1152 1436 omnino
1175 1371 1339 1456 explanat,

303 1495 337 1546 et
373 1484 399 1543 si
436 1481 554 1566 aliquid
589 1483 665 1544 lucis
695 1491 864 1566 praeterea
890 1479 1099 1556 desideretur,
1131 1480 1336 1542 conseramus

301 1589 557 1673 Etymologicum
584 1591 734 1671 Magnum
759 1609 789 1650 v.
823 1577 1000 1672 Ἤλικτραι,
1037 1586 1093 1648 ubi
1130 1606 1188 1648 vox
1216 1585 1334 1648 eadem

299 1695 348 1756 his
379 1695 483 1758 verbis
511 1696 687 1758 illustretur
715 1696 755 1758 τὰ
781 1694 816 1759 ἐν
834 1702 901 1770 τοῖς
923 1689 1087 1758 κλινόιτοοι
1106 1691 1168 1756 τῶν
1190 1694 1334 1776 σφιγγῶν

299 1790 426 1882 ὄμματα
441 1794 461 1882 ἢ
479 1805 517 1864 τὰ
531 1802 566 1865 ἑν
585 1810 652 1876 ταῖς
667 1798 785 1875 κλίναις
802 1796 1035 1879 ποικιλλόμενα.
1064 1800 1153 1863 Lecti
1171 1819 1250 1860 vero
1268 1821 1333 1881 po-

299 1918 361 1969 stes
382 1909 519 1969 formam
539 1907 685 1969 habuisse
708 1906 923 1990 sphyngorum
944 1929 1116 1991 earumque
1134 1905 1242 1968 oculos
1255 1915 1332 1966 tan-

296 2024 367 2075 tum
389 2013 586 2095 consignatos
606 2013 727 2090 fuisse„
742 2012 847 2095 colligi
869 2012 943 2074 inde
964 2033 1028 2074 non
1049 2013 1141 2084 lieet;
1175 2035 1249 2074 nem
1269 2011 1328 2074 has

295 2119 467 2203 particulas
497 2139 759 2180 commemorasse
787 2118 917 2180 minoris
938 2119 1092 2181 momenti
1112 2118 1231 2195 suisset,
1252 2139 1328 2180 cum

296 2245 361 2286 non
391 2225 564 2287 admodum
592 2237 746 2288 ornarent
767 2227 895 2303 lectum,
917 2226 1017 2286 multo
1038 2225 1142 2286 minus
1162 2235 1228 2286 tam
1250 2225 1327 2285 illu-

293 2341 393 2392 strem
411 2321 595 2408 redderent,
618 2354 712 2414 quam
735 2333 774 2394 eb
796 2313 1005 2413 Aristophane
1028 2329 1140 2393 additis
1161 2330 1321 2400 vocabulis

291 2436 510 2500 ἐκπιπτουσῶν
536 2437 599 2498 τῶν
626 2431 784 2520 ἠλέκτρων
814 2434 951 2499 describi
971 2435 1106 2498 videtur.
1147 2437 1194 2500 Ex
1215 2436 1320 2521 glossis

293 2562 390 2622 supra
421 2539 552 2622 alligatis
580 2550 669 2622 petet
696 2542 852 2604 electrum
880 2543 920 2603 de
949 2543 1141 2604 ornamentis
1163 2553 1196 2606 et
1217 2543 1320 2605 ceela-

293 2657 378 2724 tura,
414 2668 477 2730 qua
499 2667 549 2707 res
572 2646 745 2725 variantur,
768 2648 914 2712 universe
935 2658 1120 2733 usurpatum
1144 2671 1221 2727 esse,
1247 2670 1317 2710 cum

291 2773 367 2815 saue
408 2751 570 2838 quondam
609 2753 763 2832 electrum
800 2749 930 2816 unicum
961 2765 1184 2818 ornamentum
1210 2755 1315 2833 fuerit,

291 2845 423 2924 notione
454 2861 552 2944 igitur
578 2860 684 2924 latiori
711 2861 888 2944 significare
908 2864 948 2924 τὰ
967 2861 1001 2926 ἒν
1022 2871 1089 2938 ταῖς
1110 2860 1229 2936 κλίναις
1249 2883 1317 2924 ποι.

184 3039 185 3046 ρ
289 2964 468 3048 κιλλόμενα.
508 2969 595 3030 Haec
616 2967 683 3050 ipse
704 2967 881 3030 Scholiasta
897 2968 938 3029 ad
950 2979 1093 3032 nostrum
1109 2970 1216 3032 locum
1232 2968 1315 3030 haud

290 3075 385 3139 dubie
408 3075 538 3152 dixerat,
561 3074 818 3159 quondoquidem
840 3075 962 3154 Suidas,
984 3077 1077 3160 plura
1102 3099 1138 3140 ex
1158 3078 1214 3140 illo
1235 3077 1315 3138 hau-

287 3182 383 3257 riens,
414 3205 509 3266 quam
539 3203 596 3242 nos
625 3180 722 3244 hodie
752 3182 894 3267 legimus,
923 3183 1031 3245 locum
1052 3185 1229 3246 accuratius
1250 3204 1316 3244 ser·-

285 3297 374 3349 vas'se
402 3287 529 3374 videtur
558 3286 607 3348 his
637 3288 757 3350 verbis:
786 3287 873 3364 ttahg
898 3292 938 3352 τὰ
957 3296 1026 3363 ταῖς
1048 3288 1167 3366 κλίναις
1187 3292 1315 3373 dandal.

285 3390 402 3474 λόμενα
432 3391 615 3480 ἐλεφάντινα
646 3389 745 3469 οὕτως
765 3393 898 3460 ἐκάλουν
917 3388 1076 3480 ἤλεκτρος,
1096 3399 1140 3459 ita
1161 3409 1197 3464 ut
1218 3401 1314 3462 modo
1385 3427 1386 3438 ι

284 3513 472 3564 ornamenta
504 3504 614 3580 ebore,
649 3504 745 3566 modo
775 3504 908 3566 metallis
937 3503 1031 3564 variis
1060 3504 1207 3568 distincta
1228 3506 1314 3590 cogi·
1385 3491 1386 3498 ί

282 3607 379 3668 tanda
404 3610 475 3670 sint.
525 3610 660 3694 Egregie
691 3612 827 3696 quadrat
854 3611 942 3672 locus
971 3611 1096 3693 Apuleii
1123 3616 1251 3674 Metam.
1281 3617 1313 3677 6.
1385 3609 1386 3612 ¹

280 3737 312 3798 p.
338 3717 405 3778 185.
431 3717 594 3801 aToupio
618 3719 780 3780 laudatus:

361 3821 480 3898 „Bullis
506 3833 537 3885 te
568 3824 672 3886 multis
706 3825 809 3886 aureis
833 3825 1027 3886 inoculatum
1047 3826 1135 3888 velut
1155 3826 1249 3888 stellis
1270 3828 1312 3888 si-

279 3928 381 3988 dereis
413 3925 633 3994 relucentem“
670 3953 706 3993 ex
736 3953 797 4016 quo
829 3931 947 3994 lectum
977 3933 1067 3995 illum
1094 3931 1309 4016 Aristophanis

275 4031 369 4099 hullis
397 4044 429 4097 et
459 4037 628 4115 umbilicis,
666 4046 802 4121 propter
835 4037 971 4102 formem
992 4061 1065 4102 cum
1093 4040 1310 4130 sphyngorum¹
