2814 4784
471 331 711 399 ...25-

55 509 153 568 sium
180 511 377 572 comoediam
398 511 430 570 in
452 512 632 571 universum
658 511 770 571 imitati
794 513 888 592 (Hor.
910 515 973 576 Sat.
987 517 1011 576 l.
1030 535 1059 596 4,
1074 521 1104 580 6.

55 617 182 678 Varro
210 617 249 680 de
271 638 307 677 re
329 626 405 680 rust.
438 616 491 674 ΙΙΙ.
513 634 541 678 a.
566 639 595 697 7.
617 617 702 676 Pers.
730 616 794 674 Sat.
818 617 841 675 Ι.
864 623 955 696 sat),
990 621 1106 684 diversi

57 721 202 785 diverso
224 734 342 784 :tamen
364 718 460 780 modo
479 701 567 780 'usaue
593 721 744 782 severiori
765 743 848 782 nuuc
869 725 963 804 paulo
986 728 1104 790 mitiori

54 849 163 889 suum
195 851 307 891 aevum
340 827 572 902 diiudicarunt,
610 827 669 886 hae
707 827 787 888 duae
817 829 953 889 rationes
975 834 1103 894 omnino

62 957 138 993 non
175 943 248 994 sunt
269 933 482 1016 negligendae,
516 933 541 992 si
576 955 832 1017 unumquemque
855 935 895 994 ad
919 936 1034 998 iustum
1055 938 1104 998 iu-

59 1041 196 1099 dicium
223 1059 374 1100 revocare
398 1040 512 1102 studes.
618 1114 621 1120 Ι

48 1223 53 1232 ἱ
154 1148 222 1208 Iam
243 1167 306 1206 non
329 1147 502 1208 verendum
520 1133 657 1224 videtur,
679 1170 719 1208 ne
741 1148 849 1232 aliquis
865 1149 1101 1214 Atheniensium

61 1255 234 1314 civitatem
267 1253 386 1312 Cratini
410 1255 604 1337 temporibus
639 1255 672 1314 in
700 1254 864 1316 deterioris
888 1237 1100 1318 democratiae

61 1369 188 1419 statum
223 1360 393 1437 redactam,
423 1361 630 1442 pessimorum
658 1361 823 1421 hominum
852 1359 975 1460 fiagitiis
1010 1363 1100 1423 labo-

61 1477 205 1544 rantem,
236 1467 365 1527 internis
394 1467 474 1528 vitiis
510 1467 765 1560 portaminatam,
800 1489 818 1526 a
853 1478 941 1528 reeta
963 1470 1098 1547 ratione,

62 1596 164 1655 quam
186 1575 274 1656 sequi
300 1575 436 1636 debebat
450 1585 618 1657 perpetuo,
633 1583 812 1635 contortam
828 1583 921 1655 atque
938 1576 1097 1654 deflexam,

61 1682 105 1740 ad
130 1683 236 1744 lahem
261 1693 293 1744 et
312 1685 436 1743 ruinam
454 1684 522 1744 fere
547 1683 701 1744 deiectam
722 1668 815 1742 fuisse
832 1693 934 1766 neget.
968 1684 1096 1759 Quaero

60 1799 247 1870 praeterea,
271 1813 310 1850 an
332 1812 396 1850 non
412 1799 557 1852 veterum
577 1789 762 1850 testimoniis
784 1789 856 1849 satis
877 1790 1098 1849 confirmatum

62 1897 113 1971 sit,
147 1895 313 1956 Cratinum
348 1895 468 1956 maiore
501 1895 727 1978 indignatione,
767 1917 802 1956 ac
820 1894 947 1978 *reliqui
977 1915 1095 1970 omnes,

61 2002 148 2060 hanc
171 1994 339 2083 pessimam
369 2000 418 2060 rei
438 2001 584 2081 publicae
607 1985 821 2062 conditionem
842 2002 984 2074 sensisse,
1012 2023 1097 2059 sum-

62 2125 198 2187 mosque
230 2103 313 2162 viros
337 2102 455 2162 nudato
481 2103 583 2184 gladio
606 2125 782 2185 aggressum
806 2114 978 2186 prostrasse
1001 2115 1095 2186 atque

63 2209 163 2270 vitam
205 2195 454 2290 impudicissimis
481 2207 710 2290 voluptatibus¹
732 2207 926 2290 inquinatam
954 2211 1095 2270 versibus

64 2316 128 2376 suis
150 2314 307 2399 punivisse
329 2324 361 2376 et
381 2313 509 2398 quidem
532 2335 570 2374 eo
593 2313 712 2374 maiore
728 2314 758 2374 vi
781 2335 817 2374 ac
829 2314 947 2397 vigore,
964 2335 1026 2397 quo
1040 2337 1095 2376 ve-

63 2423 240 2483 hementius
263 2424 328 2506 ipse
349 2431 444 2506 poeta
466 2432 579 2483 natura
600 2443 655 2481 sua
677 2420 810 2482 valuerit
833 2431 865 2482 et
884 2423 997 2482 mentis
1018 2423 1095 2484 viri-

65 2533 123 2589 bus
147 2531 305 2605 excitatus,
328 2531 415 2614 quasi
439 2528 544 2590 divino
565 2527 703 2612 quodam
716 2528 828 2611 spiritu
847 2527 969 2590 inflatus
986 2533 1092 2592 fuerit.

68 2641 156 2714 Quae
187 2660 259 2698 cum
289 2637 332 2697 ita
359 2637 431 2713 sint,
462 2658 570 2697 sanam
598 2643 738 2696 mentem
766 2645 879 2719 poetae
903 2646 935 2698 et
955 2638 1093 2698 animum

68 2747 232 2829 integrum,
251 2767 441 2830 quamquam
458 2743 498 2803 ad
514 2741 703 2826 pravitatem
721 2742 932 2826 castigandam
943 2763 1091 2826 pronum,

69 2873 218 2934 ponamus
240 2873 368 2914 necesse
393 2860 448 2912 est.

132 2958 290 3046 [Digressu
321 2967 366 3019 est
393 2955 545 3039 paulatim
576 2963 682 3014 nostra
712 2953 891 3036 disputatio,
913 2962 948 3014 ut
969 2953 1091 3014 irritam

72 3045 268 3124 redderemus
290 3064 461 3124 multorum
483 3062 670 3123 sententiam
693 3060 731 3122 de
753 3069 861 3147 nostro
883 3069 977 3142 poeta
996 3061 1090 3144 paulo

73 3169 202 3230 severius
223 3170 387 3251 prolatam.
431 3167 614 3242 Temerarie
637 3188 712 3228 vero
737 3175 771 3227 et
789 3187 864 3226 sane
878 3167 984 3250 inepte
1003 3190 1091 3229 com-

73 3277 202 3361 positum
233 3285 278 3335 est
310 3276 501 3358 epigramma
535 3275 568 3336 iu
602 3273 723 3336 Cratini
746 3273 931 3336 foeditatem
960 3285 1090 3336 auctore

73 3388 111 3448 D.
131 3385 184 3444 Ios.
205 3381 358 3440 Barherio
379 3381 412 3440 in
434 3383 499 3443 eius
525 3379 790 3442 commentatione
812 3381 861 3440 De
874 3377 999 3440 miseria
1011 3401 1091 3462 poe·-

75 3500 177 3560 tarum.
198 3487 244 3550 cf.
271 3487 423 3548 Gronovii
441 3487 534 3549 Thes.
554 3487 711 3571 antiquitt.
730 3487 842 3546 Graec.
864 3485 900 3544 T.
917 3485 957 3544 X.
968 3507 1000 3568 p.
1020 3489 1089 3549 836.

77 3699 199 3760 Luxuria
222 3708 269 3760 est
291 3696 459 3760 coniuncta
473 3699 577 3782 gulae,
601 3707 647 3760 est
666 3706 733 3758 sata
754 3706 785 3758 et
801 3707 936 3781 utraque
951 3697 1088 3776 Baccho,

141 3785 184 3866 'Et
204 3804 314 3866 foedat
335 3823 448 3887 corpus
469 3807 607 3888 turpiter
630 3813 725 3887 atque
748 3804 893 3864 animam.

79 3910 201 3971 Foedior
222 3921 268 3972 est
291 3933 338 3992 ea,
363 3908 458 3995 quam
481 3923 593 3974 natura
613 3911 773 3980 exhorret
811 3911 859 3971 An
881 3931 946 3972 esse

147 4017 190 4078 Tu
210 4021 316 4084 censes
338 4019 510 4098 hominem,
533 4041 626 4104 quem
650 4028 718 4083 atra
739 4017 838 4084 libido
858 4015 997 4103 premit?
