2846 4788
728 359 970 428 ...62-

331 543 473 632 ὖφαίνων
492 542 625 606 Alexidis
648 542 776 625 (enen.
800 544 854 612 vi,
874 563 947 626 ²4⁰·
969 565 997 606 o.
1018 535 1365 621 V11.ooe.t.)‚'osve.

335 656 408 727 σεάς
425 652 584 735 Amphidis
607 652 730 731 (Athen.
753 652 820 714 HV.
841 675 873 735 p·
887 657 957 734 691.
971 643 1205 728 Β.),Ὀδυσσεδς
1221 653 1365 712 Anaxen-

336 761 432 824 dridis
456 759 579 838 (Athen.
601 759 655 820 VI.
677 778 747 840 227.
769 759 829 834 Β.),
849 751 1005 829 Ὀδυσσεῖς
1019 757 1153 818 Cratetis
1171 755 1255 818 daud
1270 757 1365 818 dubie

335 868 376 930 ed
407 868 572 946 Cratinum
594 866 755 927 referendi
777 866 890 948 (Etym.
914 867 956 924 M.
980 867 1143 947 367·'24.).
1173 865 1222 924 De
1245 865 1364 926 Cratini

334 973 500 1036 comoedia
520 973 611 1033 huius
634 972 768 1031 nominis
790 971 853 1030 loci
871 970 934 1032 duo
952 980 1072 1032 exstant
1088 970 1363 1052 apudPlatoninm

336 1079 420 1164 Heni
439 1080 592 1164 διαφοράς
613 1079 735 1164 κοιμηιδ.
771 1102 803 1161 ρ.
834 1080 888 1138 ΧΙ.
921 1078 1005 1160 npud
1027 1078 1217 1138 Kustcrum:
1240 1075 1362 1140 Σκάπου

331 1191 393 1272 γάρ
425 1179 514 1260 ὄντος
543 1186 581 1270 τῇ
609 1179 726 1268 άρχαίᾳ
757 1183 904 1268 κωμῳδίᾳ
925 1186 982 1244 τοῦ
1004 1181 1154 1246 σκώπτειν
1175 1180 1295 1266 δίημοος
1316 1184 1362 1246 καί

333 1297 492 1368 δικαστάς,
525 1290 579 1354 καί
598 1292 798 1373 στρατηγοὺς,
819 1289 927 1372 παρείς
950 1283 1209 1374 δἈριστοῳάνης
1231 1293 1291 1354 τοῦ
1312 1315 1361 1352 συ.

333 1399 437 1482 obtime
458 1394 648 1478 άποσκῶψαι
668 1397 718 1460 διὰ
739 1400 794 1459 τὸν
815 1393 925 1480 φόβον,
946 1395 1055 1460 αἴολον
1070 1399 1105 1458 κδ
1121 1397 1224 1480 δρᾶμα
1238 1401 1274 1458 τά
1291 1425 1359 1482 yna-
1399 1397 1400 1488 η

335 1507 394 1594 (μὲν
419 1513 485 1580 τοῖς
511 1511 676 1588 τραγικοῖς,
708 1499 751 1579 ὥς
779 1505 880 1578 κακῶς
909 1501 982 1584 ἔχον
1012 1502 1163 1588 διασύρει.
1218 1509 1360 1579 Τοιοῦτος
1399 1495 1400 1524 ¹

335 1606 391 1677 miv
421 1613 507 1676 ἔστιν
535 1607 551 1674 ὅ
582 1609 784 1674 Αίολοσίκιον
810 1605 1058 1696 Ἀριστοφάνους
1091 1610 1145 1674 καί
1163 1607 1193 1672 oi
1210 1606 1360 1684 Ὀδυσσεῖς

334 1718 494 1804 Κρατίνου
515 1717 568 1781 καί
589 1721 723 1780 πλεῖστα
738 1718 801 1779 τῶν
821 1718 963 1778 παλαιῶν
987 1699 1152 1801 δραμάτων
1168 1709 1237 1781 οὔτε
1252 1719 1359 1802 χορικδ

332 1825 438 1909 (μέλη)
466 1817 537 1887 οὔτε
565 1820 756 1906 παραβάσεις
784 1819 903 1902 ἔχοντα·
934 1833 966 1883 et
992 1833 1103 1906 postea
1123 1824 1258 1886 ibidem:
1291 1822 1360 1888 ὑπο.

332 1932 436 2006 θέσεις
465 1929 524 2009 μὲν
554 1931 615 2011 γάρ
640 1928 695 2008 τῆς
727 1928 863 2002 παλαιᾶς
896 1929 1060 2016 κωμιρδιας
1088 1919 1169 2010 ἦσαν
1196 1921 1301 1993 αὗται·
1328 1955 1356 1994 το

336 2043 519 2122 στρατηγοῖς
548 2033 707 2121 ἓπιθσμᾷν
736 2033 790 2098 καί
817 2035 975 2108 δικασταῖς
1007 2029 1063 2098 οὐκ
1085 2029 1189 2119 ὀρθῶς
1210 2035 1361 2117 δικάζουσι

335 2142 389 2209 καί
413 2139 560 2228 χρήματα
586 2140 774 2225 συλλέγουσι
801 2141 834 2218 ἐξ
855 2135 976 2216 άδικίας
998 2141 1053 2206 καί
1069 2147 1233 2226 μοχθηρὸν
1254 2143 1357 2228 ἐπανη-

237 2263 239 2268 ’
336 2248 480 2338 ρημένοις
500 2247 579 2332 βίον·
601 2248 655 2313 ἐπί
673 2249 707 2312 δὲ
731 2249 766 2312 νδ
787 2246 942 2311 σκώπτειν
962 2245 1102 2331 ἱστορίας
1121 2245 1268 2333 ῥηθείσας
1280 2276 1359 2331 ποιη-

334 2367 402 2433 ταῖς
422 2349 528 2440 ἦλθον·
552 2352 721 2420 άνείιθυνον
738 2359 798 2440 μὰρ
817 2357 968 2418 τοιοῦτον·
998 2347 1064 2418 οἷον
1086 2354 1243 2440 διασύρειν
1274 2353 1359 2438 Ὅμη.

337 2487 392 2546 ρον
412 2461 537 2538 εἴποντά
558 2487 589 2525 τι
608 2456 629 2544 ἢ
650 2465 706 2525 τὸν
725 2465 810 2534 δεῖνα
830 2462 886 2543 τῆς
906 2459 1079 2548 τραγῳδίαις
1100 2459 1239 2545 ποιητήν.
1295 2469 1358 2527 Τοι.

334 2569 415 2632 αὕτα
438 2566 472 2632 δὲ
493 2564 635 2649 δράματα
655 2567 709 2629 καί
729 2567 762 2629 ἐν
783 2567 822 2651 τῇ
848 2568 966 2652 παλαιᾷ
988 2565 1135 2652 κωμῳδίᾳ
1155 2567 1240 2632 ἐστίν
1257 2565 1356 2656 εὑρεῖν,

335 2672 414 2760 άπερ
441 2679 615 2740 τελευταῖον
644 2668 794 2753 ἐδιδάχθη
826 2676 937 2734 λοιπὸν
958 2672 1014 2754 τῆς
1035 2667 1217 2756 ὀλιγαρχίας
1237 2700 1357 2762 nonensi.

335 2789 453 2873 θιίσης.
505 2785 543 2853 Οἱ
571 2789 647 2870 γοῦν
671 2781 829 2861 Ὀδυσσεῖς
856 2787 1016 2870 Κρατίνου
1045 2782 1171 2862 οὐδενὸς
1192 2782 1359 2866 ἐπιτίμησιν

337 2895 456 2981 ἔχουσι,
481 2895 656 2980 διασυρμὸν
678 2893 712 2956 δὲ
735 2893 790 2974 τῆς
807 2887 984 2968 Ὀδυσσείας
1004 2895 1061 2956 τοῦ
1076 2890 1232 2978 Ὁμήρου.

421 3008 622 3086 Quamquam
645 3002 737 3061 huius
764 3002 960 3085 grammatici
980 3002 1194 3062 testimonium
1217 3001 1257 3061 ad
1278 3003 1358 3061 fabu-

338 3111 402 3171 inm
429 3122 571 3171 nostram
603 3111 778 3170 accuratius
809 3109 1046 3190 intelligendam
1078 3107 1212 3168 inuitum
1234 3110 1358 3178 confert,

338 3215 451 3276 inultus
481 3226 593 3277 tomen‘
616 3225 724 3305 movet
745 3215 957 3291 difficultates,
990 3236 1069 3297 quae
1090 3216 1194 3298 primo
1219 3213 1359 3298 adspectu

338 3321 425 3382 fraud
457 3321 541 3382 facili
570 3343 666 3405 opera
695 3323 852 3384 removeri
883 3343 974 3404 posse
1006 3321 1164 3388 videntur,
1206 3323 1360 3383 Cratinum

341 3453 405 3491 non
437 3429 477 3490 ad
499 3430 552 3518 itte
573 3439 720 3514 tempora
741 3431 854 3490 referri
875 3449 978 3511 posse,
1002 3427 1125 3512 quihus,
1155 3429 1257 3512 plebis
1279 3437 1362 3510 pote-

340 3547 420 3598 state
434 3538 473 3597 αδ
493 3559 611 3620 paucos
628 3535 829 3611 concidente,
849 3533 987 3618 choragi‚
1005 3544 1123 3596 sumtus
1142 3527 1361 3618 suppeditaturi
1397 3575 1398 3620 η

342 3643 559 3719 histrionibus,
578 3657 646 3702 'non
670 3641 803 3724 amplius
826 3641 1026 3718 creabantur,
1042 3653 1096 3703 aut
1106 3650 1240 3724 propter
1253 3651 1362 3702 metum
1397 3711 1398 3740 ρ

340 3761 468 3834 poetae·
487 3750 519 3810 in
552 3748 663 3810 fabulis
694 3748 873 3832 principum
902 3747 1022 3808 nulium
1052 3747 1317 3832 aggrediebantur
1337 3745 1361 3802 in
1397 3747 1398 3818 ζ

341 3879 449 3932 scene,
472 3877 567 3938 supra
584 3855 833 3916 demonstratum
848 3863 909 3926 est;
929 3855 991 3916 huc
1006 3856 1139 3934 accedit,
1154 3854 1240 3940 quod
1253 3863 1364 3914 metum
1397 3869 1398 3944 η

344 3961 491 4022 invasisse
513 3972 622 4043 poetes
644 3960 809 4022 contendit
827 3961 911 4022 idem
934 3963 1152 4044 grammaticus
1176 3972 1311 4045 propter
1323 3956 1364 4018 Al-

342 4067 512 4148 cibiadem,
536 4068 590 4151 qui
615 4068 764 4151 Eupolim
786 4069 819 4130 in
840 4069 919 4132 meri
941 4069 1100 4151 submergi
1114 4069 1233 4131 iussisse
1246 4067 1364 4128 dicitur·
