2814 4784
699 301 939 374 ...26-

386 501 495 564 Bellua
517 494 571 556 sed
593 491 655 554 dici
678 490 775 552 debet
796 482 975 550 foedissima
999 472 1128 538 flammis

468 601 579 686 Cocyti
599 595 731 672 urenda,
751 593 816 655 beu
836 587 1006 671 concipere
1029 580 1086 642 ista
1107 572 1225 661 pudet!

274 779 277 790 ,
389 711 484 776 Addit
510 717 677 794 praeterea
706 699 857 775 fabulam,
887 694 927 758 de
956 711 1030 776 qna,
1051 687 1075 746 si
1095 683 1214 767 placet,
1240 679 1375 762 ipsum

308 820 424 896 videas,
453 813 658 878 temulentiae
686 818 720 870 ct
745 803 934 868 deterrimae
963 791 1112 869 libidinis,
1135 809 1234 872 quam
1262 785 1374 846 unde

309 925 462 999 hauserit,
482 922 563 982 scire
584 914 812 1000 optatissimum
830 907 909 970 ‘mihi
933 914 1029 972 esset;
1059 897 1201 980 suspicor
1224 903 1373 966 tamen,

311 1035 433 1096 fontem
461 1047 540 1088 .cssc
570 1024 603 1084 in
635 1019 733 1082 Suida
763 1011 990 1100 quaerendum,
1015 1007 1071 1070 uhi
1100 1009 1141 1083 (v.
1171 999 1371 1080 Κρατῖνος)

312 1147 409 1224 poete
437 1143 547 1198 noster
575 1123 737 1194 Παιδικῶν
769 1115 938 1204 ἡττημένος
959 1115 1085 1190 dicitur,
1117 1109 1241 1172 nullam
1264 1106 1367 1166 baud

319 1245 417 1308 dubie
440 1241 533 1302 aliam
554 1239 595 1300 oh
619 1255 755 1308 causam,
775 1249 870 1312 quam
890 1221 977 1308 quod
992 1221 1107 1282 harum
1125 1237 1236 1278 rerum
1256 1235 1367 1296 saepe

318 1349 515 1410 mentionem
553 1342 630 1406 facit
664 1338 803 1422 ideoque
833 1333 866 1394 in
893 1331 942 1392 his
968 1326 1028 1390 sibi
1053 1325 1181 1410 placere
1212 1320 1366 1404 posteris

319 1456 402 1518 vism
423 1462 479 1516 est.

768 1725 775 1734 -
797 1665 871 1748 Vl.

326 1857 514 1942 Secundam
535 1877 666 1956 vitium,
702 1899 765 1962 quo
786 1873 1009 1959 Aristophanes
1034 1871 1359 1932 cratinumaccusar,

329 2001 474 2054 versatur
500 1992 532 2052 in
558 1993 722 2056 obscoenis
753 1991 903 2068 dicteriis,
927 1989 1038 2074 quihus
1061 2007 1133 2046 usus
1154 2005 1219 2046 csse
1241 1981 1358 2044 dieitur

332 2103 365 2163 in
388 2099 571 2162 comoediis.
612 2101 698 2162 Haec
722 2097 880 2162 accusatio
901 2097 949 2159 bis
971 2096 1100 2158 omnino
1121 2093 1253 2170 tollitur,
1275 2111 1357 2173 quae

334 2208 431 2270 modo
452 2207 582 2270 uberim
606 2205 840 2290 disputavimus.
882 2205 1011 2264 Exstant
1032 2222 1105 2262 sane
1126 2222 1211 2262 nunc
1232 2220 1355 2282 quoque

333 2322 367 2384 iu
406 2318 588 2402 fragmentis
625 2315 724 2376 multa
761 2311 913 2373 obscoeni
951 2310 1102 2372 sermonis
1138 2308 1275 2392 exempla
1304 2307 1356 2367 sed

293 2419 298 2436 ⁸
336 2448 506 2512 quemnam
535 2423 625 2505 fugit,
657 2421 712 2481 bas
737 2397 874 2480 maculas
895 2417 1017 2500 priscae
1040 2415 1223 2479 comoediae
1247 2413 1354 2475 indea

289 2565 305 2606 ¹,
337 2534 440 2618 prima
462 2530 527 2590 eins
551 2526 670 2610 origine
691 2525 888 2586 adhaesisse?
910 2523 1219 2586 Idcirco'Cratinum
1240 2543 1276 2582 eo
1293 2543 1356 2580 ma·
1391 2507 1392 2540 ³

340 2641 408 2700 iore
440 2658 512 2697 cum
537 2634 606 2694 iure
633 2633 804 2694 defendere
835 2631 918 2710 licet,
965 2653 1037 2693 cum
1065 2631 1104 2692 ad
1142 2632 1250 2692 limites
1279 2633 1355 2693 illius

344 2745 454 2829 templi
476 2742 619 2818 stetisset,
644 2739 730 2822 quod
746 2741 853 2800 Musae
866 2739 1067 2825 Aristophani
1081 2739 1258 2818 condidere,
1274 2741 1356 2802 ideo-

344 2874 405 2937 que
440 2873 477 2913 eo
513 2850 644 2934 propius
676 2849 843 2924 accederet
871 2849 912 2910 ad
946 2850 1123 2912 inconditos
1155 2850 1221 2910 illos
1256 2859 1355 2910 cantus

239 3007 241 3012 .
344 2981 418 3020 cum
440 2959 538 3018 effusa
559 2957 676 3018 laetitia
696 2959 859 3018 obscoenis
876 2957 1014 3020 dicteriis
1030 2942 1169 3041 iocisque
1189 2956 1355 3018 scurrilibus

346 3065 524 3146 exagitatos.
566 3066 677 3126 Nonne
700 3075 747 3126 sat
768 3066 886 3149 gloriae
908 3065 967 3130 sihi
989 3065 1206 3142 accumulavit,
1235 3085 1300 3123 cum
1324 3061 1356 3124 ad

347 3171 466 3231 iustum
499 3169 573 3230 artis
605 3193 701 3254 genus
731 3171 891 3255 redigeret
923 3172 1141 3234 comoediam?
1168 3175 1271 3236 Nonne
1299 3172 1356 3253 ipsc

350 3274 588 3358 Aristophanes,
625 3277 658 3337 in
697 3301 759 3362 quo
795 3301 950 3339 summum
978 3279 1187 3362 praestantiae
1204 3279 1357 3380 'fastigium

348 3381 487 3466 priscam
507 3384 706 3446 comoediam
722 3397 895 3446 assecutam
914 3408 979 3447 esse
999 3386 1260 3447 contenduntviri
1272 3384 1357 3460 docti,

350 3489 430 3550 iocis
461 3490 604 3568 mimicis,
635 3493 748 3575 quibus
778 3501 902 3553 tantum
924 3492 1013 3574 plebs
1033 3492 1180 3554 vilissima
1200 3491 1359 3553 delectaba-

357 3605 422 3674 tur,
454 3597 574 3658 fabulas
602 3621 672 3658 suas
703 3599 884 3660 exornavit?
911 3599 1023 3661 Athen.
1055 3601 1108 3663 lIl.
1136 3623 1167 3683 p.
1199 3599 1308 3662 122.B.
1331 3599 1357 3657 C.

355 3703 462 3787 Ipsum
491 3705 678 3789 Aeschylum
707 3706 873 3767 sublimem
896 3715 928 3768 et
953 3707 1103 3790 grandem
1123 3717 1253 3791 poetam,
1273 3708 1360 3790 ipsum
1391 3739 1392 3750 κ

358 3808 551 3893 Sophoclem
572 3811 795 3894 incorruptum
815 3812 847 3874 in
866 3811 1012 3874 dramatis
1027 3815 1165 3900 Satyricis
1181 3813 1277 3890 multa,
1292 3835 1359 3896 qnae

360 3917 450 3980 nobis
480 3918 632 3980 indecora
661 3918 854 3999 viderentur,
889 3921 921 3980 ln
954 3942 1080 3982 scenam
1108 3921 1274 4004 protulisse,
1295 3919 1359 3980 mibi

363 4023 491 4108 quidem
505 4026 774 4112 persuasissimum
791 4037 848 4096 cst.
875 4029 1019 4094 Sufficiat
1037 4029 1128 4094 nobis
1141 4050 1200 4112 pro
1217 4037 1359 4112 poctarum
