2814 4784
707 344 947 412 ..98-

391 525 571 590 Abhorrent
592 525 670 588 baec
692 527 797 588 omnia
818 526 908 588 rnlde
931 524 1058 609 quidem
1079 525 1214 586 anostri
1228 537 1352 584 sensus

246 713 250 722 Ι
313 633 467 717 elegantia
490 653 676 716 morumque
704 643 886 697 nostrorum
907 632 1097 716 exquisitioni
1120 631 1218 707 cultu,
1241 651 1350 714 mem

313 740 511 802 nihilominus
538 740 634 803 hodie
661 741 693 800 in
723 741 835 802 fabulis
858 749 1035 803 nostratum
1058 738 1187 800 scelesta
1209 748 1350 820 proter-

312 841 418 925 vitate,
447 846 616 924 illecebris,
647 871 727 930 quae
756 849 921 910 hominum
950 847 1147 931 phantasiam
1167 867 1348 928 sensusque

313 953 451 1020 titillant.
481 954 634 1030 involuta,
676 955 842 1036 probitatis
872 955 946 1016 fuco
970 954 1059 1029 illita,
1089 953 1213 1014 occulta
1244 952 1349 1034 igitur

312 1061 464 1144 paulatim
483 1061 534 1122 via
559 1079 658 1143 eaque
680 1059 819 1120 moribus
837 1060 933 1143 magis
948 1059 1091 1134 obnoxia,
1113 1058 1242 1118 omniuo
1255 1058 1344 1118 laedi

312 1168 360 1227 vir
381 1177 427 1228 est
448 1165 534 1250 quod
554 1167 813 1228 demonstremus.
854 1166 948 1249 Apud
971 1169 1109 1227 Graecos
1131 1164 1231 1228 aliter.
1275 1165 1344 1242 Qui
1383 1167 1384 1216 i

312 1293 388 1332 vero
418 1273 471 1331 illa
505 1271 634 1354 antiqua
663 1271 760 1331 oculis
790 1273 888 1332 nostri
917 1273 985 1334 aevi
1008 1257 1252 1355 contemplatur,
1275 1294 1354 1331 non.

315 1379 426 1462 dignus
448 1388 504 1454 est,
530 1377 584 1460 qui
606 1377 644 1438 de
667 1378 703 1438 iis
724 1378 876 1440 iudicium
895 1379 996 1450 ferat;
1027 1361 1235 1462 popularibus
1255 1378 1343 1439 enim

315 1486 389 1562 suis,
413 1507 476 1544 non
501 1485 590 1545 nobis
612 1485 804 1566 scripserunt
822 1485 945 1546 comici.
975 1485 1107 1546 Accedit
1120 1483 1340 1559 Friscblini*],

313 1587 373 1652 viri
404 1591 572 1652 admodum
603 1590 699 1667 docti,
728 1591 953 1668 testimonium,
984 1591 1070 1676 quod
1090 1591 1175 1652 unde
1198 1589 1340 1650 hauserit

314 1697 455 1758 nondum
486 1707 684 1780 compertum
718 1696 833 1762 habeo.
882 1697 989 1758 Verba
1006 1697 1086 1758 haec
1107 1706 1196 1756 sunt:
1231 1695 1341 1774 „Ideni

313 1826 386 1885 ergo
404 1802 485 1886 finis
510 1817 613 1863 nostro
632 1815 741 1885 poetae
765 1803 824 1883 (sc.
846 1802 1057 1884 Aristophani)
1071 1803 1139 1882 suit
1156 1806 1340 1885 propositus,

314 1925 346 1969 ut
365 1923 548 1992 spectatores
578 1911 610 1968 in
639 1911 732 1968 risunt
750 1909 862 1968 solutos
882 1912 1031 1970 excitaret
1051 1925 1080 1970 et
1101 1911 1138 1971 de
1158 1911 1342 1992 sapientibus

314 2016 403 2076 dictis
422 2029 512 2098 atque
535 2014 655 2074 occultis
675 2016 706 2073 in
727 2015 883 2074 comoedia
904 2018 1034 2076 consiliis
1053 2017 1231 2078 admoneret
1245 2019 1342 2101 ipsos-

315 2147 370 2208 que
388 2123 426 2183 de
449 2121 635 2200 corrigenda
654 2139 686 2180 re
706 2121 828 2204 pubb'ca
846 2134 875 2181 et
891 2122 1088 2182 emendandis
1104 2126 1237 2186 rioribus
1254 2127 1344 2206 quari

311 2241 530 2314 praepararet.
578 2229 652 2308 Quis
672 2229 749 2288 enim
769 2240 856 2287 arctat
878 2242 907 2288 et
927 2227 1074 2290 ridentem
1097 2228 1196 2290 dicere
1217 2232 1340 2290 verrem?

316 2339 402 2396 Certe
423 2337 481 2396 iltis
502 2333 683 2414 temporibus
703 2335 782 2394 adeo
797 2335 961 2416 pruriebant
976 2357 1066 2395 aures
1076 2337 1190 2426 pepedi,
1210 2350 1241 2396 nt
1260 2337 1340 2398 Cra-

316 2445 413 2503 tinum
440 2463 507 2500 cum
532 2461 589 2500 sua
619 2462 709 2521 grege
739 2443 804 2501 loeo
834 2456 963 2501 moueret
982 2459 1148 2526 propterea
1167 2446 1250 2529 qreod
1268 2447 1341 2506 nibil

316 2548 454 2607 obscoeni
482 2546 696 2607 admiscuisset.
746 2548 847 2628 Neque
882 2551 959 2608 enim
980 2551 1151 2611 comoedias
1172 2553 1217 2611 vel
1233 2553 1339 2614 audie-

317 2654 392 2714 bant
420 2652 464 2712 vel
490 2649 693 2735 spectabant,
708 2673 785 2734 pisae
813 2673 874 2713 non
900 2655 1057 2716 obscoenos
1076 2658 1221 2718 haberent
1240 2661 1339 2728 iocos;

315 2761 390 2819 sicut
416 2760 493 2820 alibi
520 2760 655 2842 atteritur
681 2758 718 2816 de
744 2759 803 2817 bac
824 2781 857 2818 re
877 2763 996 2844 ipsenret
1018 2764 1265 2846 Aristophanes.“
1307 2765 1339 2824 Si

316 2866 395 2927 haec
417 2865 571 2926 sententia
594 2864 632 2926 de
656 2863 785 2924 Cratino
807 2877 894 2928 certa
915 2871 1050 2953 quadam
1070 2880 1213 2932 veterum
1234 2881 1339 2932 aucto-

318 2975 410 3034 ritate
432 2974 599 3048 niteretur,
632 2972 728 3054 magis
749 2974 908 3056 magisque
932 2985 1130 3058 compertum
1153 2977 1338 3039 haberemus

319 3077 408 3138 illum
435 3088 598 3140 strenuum
622 3077 661 3138 ad
682 3077 811 3140 modurn
831 3079 974 3165 Aeschyli
1002 3082 1157 3146 excultum
1178 3083 1340 3147 characte-
1383 3117 1384 3158 i

319 3201 399 3263 rem,
421 3183 460 3246 de
485 3207 547 3269 quo
568 3205 663 3269 supra
683 3187 871 3276 monuimus.
1383 3163 1384 3232 l

775 3315 869 3398 Vll.

318 3425 389 3509 lam
410 3450 587 3512 accedimus
609 3450 649 3512 ad
670 3452 799 3514 tertium
821 3455 953 3530 crimen,
987 3479 1048 3540 quo
1081 3455 1226 3518 Cratinus
1249 3466 1340 3518 accu-

320 3571 417 3638 satur,
447 3563 633 3624 ebrietatem
663 3565 746 3642 dico,
775 3587 856 3648 quae
885 3563 977 3650 saepe
1012 3579 1085 3652 post
1102 3570 1341 3654 Aristophanem
1383 3651 1384 3654 Ἴ

320 3667 399 3728 iusto
420 3667 530 3750 peiore
553 3669 780 3750 significatione
803 3681 905 3732 sumta
927 3684 1025 3739 estet
1047 3675 1227 3749 diiudicata,
1275 3675 1343 3741 Viri

388 3865 415 3935 *)
433 3867 465 3920 In
489 3870 726 3937 commentatione,
752 3872 796 3924 cui
814 3885 856 3926 est
874 3875 986 3932 titulus:
1006 3878 1135 3932 Defensio
1155 3879 1344 3950 Aristophanis
1383 3889 1384 3894 ’

321 3972 414 4012 contra
437 3958 579 4012 Plutarchi
603 3957 812 4017 criminationes.
866 3966 987 4020 Pracfixa
1006 3982 1047 4022 est
1063 3973 1185 4024 eiusdem
1202 3971 1346 4027 Frischlini
1383 3965 1384 3972 ἵ

322 4049 436 4110 editioni
454 4051 658 4108 comoediarum
675 4043 864 4128 Aristophanis
884 4051 1008 4118 Frausoi.
1027 4083 1050 4119 a.
1069 4064 1109 4118 Μ.
1129 4064 1205 4128 1586·
1226 4067 1251 4120 8·
1270 4087 1299 4139 p·
1321 4089 1345 4141 9.
