2814 4784
675 321 722 344 ····
774 298 818 366 10
866 321 917 404 ᾗ·

781 479 814 562 Ι.

264 664 330 784 ὲῘα
350 695 481 754 numero
503 707 625 766 corum,
648 690 701 772 qui
725 687 889 752 Cratinum
909 687 1110 788 interpretati
1132 697 1214 768 aaut,
1235 679 1322 750 cml:

289 814 344 868 net
359 801 469 866 doctus
486 801 539 864 illc
553 801 753 886 Asclepiades
770 804 962 888 Myrleanus,
987 804 1026 864 ah
1043 803 1206 866 Athenaeo
1220 827 1320 888 saepe

288 915 443 990 laudatus,
475 908 514 976 dc
546 929 610 992 quo
644 907 755 970 Suidas
786 918 819 970 et
845 909 974 972 Vossius
1004 913 1180 974 accuratius
1208 925 1320 996 agunt.
1379 959 1380 962 ,

287 1021 336 1088 Ex
367 1017 586 1099 eius'soriptis
617 1014 681 1076 buc
712 1014 873 1098 pertinent
892 1015 967 1078 libri
988 1015 1060 1099 περί
1078 1017 1249 1102 Κρατίνου,
1277 1019 1322 1080 de
1379 1009 1380 1014 ἵ

292 1127 422 1202 Cratino
445 1123 508 1186 sive
533 1123 566 1183 in
588 1121 710 1184 Cratini
731 1121 853 1184 fabulas
882 1125 1112 1186 commentarii.
1154 1125 1324 1186 Laudatur

290 1235 375 1300 euim
395 1233 488 1295 huius
510 1231 706 1316 grammatici
726 1232 948 1315 interpretatio
966 1233 1112 1294 vocabuli
1132 1230 1323 1316 βαλανειόρι-1
1379 1211 1380 1268 l

289 1344 402 1426 φαλος,
422 1337 508 1422 quod
530 1337 569 1398 ad
589 1337 728 1400 fabulam
748 1337 880 1416 Cratini,
901 1361 982 1424 quae
1002 1338 1190 1423 Δραπέτιδες
1204 1343 1325 1402 inserta

203 1503 206 1510 ,
289 1447 436 1522 bebatur,
466 1444 628 1528 pertinere
659 1443 787 1506 aliunde
815 1455 913 1529 patet.
953 1425 1145 1532 Allegantur
1158 1449 1197 1510 ab
1219 1450 1323 1512 Athe-

290 1573 372 1618 naeo
391 1550 483 1614 multi
503 1551 709 1644 grammatici,
739 1554 793 1636 qui
814 1553 931 1637 partim
953 1554 991 1616 de
1013 1556 1178 1618 comoedia
1200 1535 1322 1640 partim

292 1655 333 1724 dc
359 1668 469 1720 nostro
495 1667 592 1744 poeta
613 1661 817 1722 commentati
839 1681 904 1723 esse
924 1661 1081 1726 uidentur.
1124 1663 1237 1726 Athen.
1259 1665 1321 1726 XL

289 1787 321 1850 p.
344 1770 415 1831 tos.
438 1762 476 1830 E.

371 1867 541 1956 Lycophro
563 1870 786 1951 Chalcidensis,
808 1883 903 1957 poeta
923 1875 1014 1936 simul
1039 1881 1071 1936 et
1096 1875 1322 1956 grammaticus

290 1978 459 2062 scripserat
479 1975 609 2060 ¹olimpin
632 1979 794 2041 Cratinum
815 1980 1067 2042 commentarios.

373 2084 519 2148 Claudius
542 2085 680 2148 Galenus
697 2085 920 2170 Pergamenus,
942 2086 1082 2148 medicus
1100 2081 1153 2147 ille
1175 2085 1322 2148 celeber-

292 2190 397 2270 rimus,
440 2201 575 2254 testatur
605 2211 640 2256 se
679 2195 890 2280 composuisse
922 2193 1019 2254 libros
1051 2203 1115 2254 tres
1142 2191 1206 2254 τῶν
1233 2197 1323 2276 παρὰ

210 2334 213 2343 ·
291 2299 439 2385 Κρατίνῳ
468 2299 637 2363 πολιτικῶν
665 2293 836 2380 ὀνομάτων,
857 2297 897 2364 de
928 2297 1016 2362 libris
1037 2297 1177 2382 propriis
1198 2295 1230 2358 in
1245 2300 1320 2377 fine,

291 2407 342 2472 ed.
363 2408 419 2472 lat.
439 2407 530 2474 Risit
552 2408 588 2468 Τ.
618 2406 642 2468 l.
664 2432 695 2492 p.
720 2413 769 2474 60.

269 2539 274 2550 ·
372 2512 465 2598 Apud
485 2511 682 2576 scholiastam
704 2515 745 2576 ad
764 2509 981 2594 Aristophanis
1004 2507 1122 2592 Vespas
1136 2531 1165 2571 v.
1186 2512 1254 2574 151.
1271 2510 1319 2571 lc·
1379 2537 1380 2602 p

292 2620 377 2704 gitur
405 2618 439 2684 ἐν
465 2627 531 2695 τοῖς
554 2621 628 2705 περὶ
656 2623 829 2706 Κρατῖνον,
847 2617 903 2678 ubi
923 2617 984 2678 viri
1007 2615 1093 2678 docti
1113 2616 1195 2678 bene
1219 2616 1320 2698 suspi-

293 2729 355 2788 cati
384 2737 456 2790 sunt
485 2729 687 2792 scribendum
718 2747 783 2789 esse
802 2725 924 2799 ἕντοῖς
944 2723 1016 2808 περὶ
1033 2723 1194 2807 Κρατίνου
1217 2733 1249 2786 et
1269 2724 1320 2784 in·-

292 2835 464 2919 telligenda
485 2845 594 2898 vetera
615 2834 734 2896 scholia
755 2833 787 2891 in
812 2831 984 2892 Cratinum.

375 2942 581 3021 Callistratus,
603 2938 820 3024 Aristophanis
845 2940 1040 3023 grammatici
1061 2932 1317 3022 praestantissimi

295 3047 476 3132 discipulus,
498 3050 585 3112 cuius
607 3069 701 3131 saepe
722 3046 915 3108 mentionem
937 3047 1012 3107 lacit
1024 3047 1214 3123 Athenaeus,
1234 3066 1321 3106 coma

294 3157 464 3218 mentarios
490 3156 660 3238 scripserat
690 3153 723 3214 in
751 3152 890 3214 fabulam
914 3155 1044 3230 Cratini,
1066 3175 1147 3238 quae
1167 3135 1320 3214 Thressae

295 3259 527 3326 inscribebatur
539 3257 704 3344 (Θρατταῖν
719 3259 878 3342 Κρατίνου
891 3255 1122 3344 ὑπομνήματα).
1145 3261 1191 3321 Cf.
1208 3259 1319 3320 Athen.

295 3367 351 3438 Xl.
381 3393 414 3454 p.
442 3371 514 3452 495.
540 3365 576 3425 Β.
599 3373 631 3428 et
651 3365 762 3430 Wollii
781 3367 926 3453 Prolegg.
949 3367 990 3429 nal
1010 3368 1103 3429 Hom.
1125 3391 1157 3453 p.
1182 3368 1319 3428 CCXXI.

747 3521 752 3532 ’
787 3565 838 3654 11.

300 3745 431 3855 Quanti
452 3799 484 3841 se
505 3775 571 3864 ipse
589 3777 739 3850 habuerit
762 3783 907 3851 Cratinus
930 3783 963 3850 in
983 3784 1108 3876 Pytine,
1137 3785 1244 3852 fabula
1270 3784 1325 3852 atla

299 3885 430 3986 utorium
458 3887 627 3972 celebrata,
657 3916 692 3956 ex
713 3917 789 3978 uno,
813 3896 899 3982 quod
922 3919 1128 3982 apponemus,
1150 3897 1325 3981 fragmento
1379 3883 1380 3898 ἵ

300 3991 496 4076 potissimum
516 3997 719 4086 intelligiturs
