<?xml version="1.0" encoding="UTF-8"?>
<!DOCTYPE html PUBLIC "-//W3C//DTD XHTML 1.0 Transitional//EN"
    "http://www.w3.org/TR/xhtml1/DTD/xhtml1-transitional.dtd">
<html xmlns="http://www.w3.org/1999/xhtml" xml:lang="en" lang="en">
 <head>
  <title>
</title>
<meta http-equiv="Content-Type" content="text/html;charset=utf-8" />
  <meta name='ocr-system' content='tesseract 3.04.00' />
  <meta name='ocr-capabilities' content='ocr_page ocr_carea ocr_par ocr_line ocrx_word'/>
</head>
<body>
  <div class='ocr_page' id='page_1' title='image "./cratinuseteupol00lucagoog_0081.png"; bbox 0 0 2846 4788; ppageno 0'>
   <div class='ocr_carea' id='block_1_1' title="bbox 709 352 952 418">
    <p class='ocr_par' dir='ltr' id='par_1_1' title="bbox 709 352 952 418">
     <span class='ocr_line' id='line_1_1' title="bbox 709 352 952 418; baseline 0 -24"><span class='ocrx_word' id='word_1_1' title='bbox 709 352 952 418; x_wconf 74' lang='lat'><strong>...70-</strong></span> 
     </span>
    </p>
   </div>
   <div class='ocr_carea' id='block_1_2' title="bbox 275 531 1396 2112">
    <p class='ocr_par' dir='ltr' id='par_1_2' title="bbox 314 531 1396 936">
     <span class='ocr_line' id='line_1_2' title="bbox 314 531 1396 622; baseline 0 -26"><span class='ocrx_word' id='word_1_2' title='bbox 314 543 482 622; x_wconf 83' lang='lat' dir='ltr'><strong>p&#39;raeterea</strong></span> <span class='ocrx_word' id='word_1_3' title='bbox 501 533 587 616; x_wconf 78' lang='lat' dir='ltr'><strong>apud</strong></span> <span class='ocrx_word' id='word_1_4' title='bbox 607 532 780 596; x_wconf 82' lang='lat' dir='ltr'><strong>Pindarum</strong></span> <span class='ocrx_word' id='word_1_5' title='bbox 801 533 892 618; x_wconf 82' lang='lat' dir='ltr'><strong>Pyth&#39;.</strong></span> <span class='ocrx_word' id='word_1_6' title='bbox 915 533 984 594; x_wconf 85' lang='lat' dir='ltr'>XII.</span> <span class='ocrx_word' id='word_1_7' title='bbox 1009 552 1071 609; x_wconf 69' lang='lat' dir='ltr'><strong>aa„</strong></span> <span class='ocrx_word' id='word_1_8' title='bbox 1096 531 1287 594; x_wconf 73' lang='lat' dir='ltr'>Pausaniam</span> <span class='ocrx_word' id='word_1_9' title='bbox 1313 539 1355 596; x_wconf 88' lang='lat' dir='ltr'><strong>H.</strong></span> <span class='ocrx_word' id='word_1_10' title='bbox 1395 567 1396 576; x_wconf 24' lang='grc' dir='ltr'><strong>κ</strong></span> 
     </span>
     <span class='ocr_line' id='line_1_3' title="bbox 315 639 1396 724; baseline -0.002 -17"><span class='ocrx_word' id='word_1_11' title='bbox 315 661 378 718; x_wconf 68' lang='lat'><strong>21„</strong></span> <span class='ocrx_word' id='word_1_12' title='bbox 406 639 633 722; x_wconf 86' lang='lat' dir='ltr'><strong>Palaephatum</strong></span> <span class='ocrx_word' id='word_1_13' title='bbox 661 646 723 717; x_wconf 58' lang='grc' dir='ltr'><strong>δι,</strong></span> <span class='ocrx_word' id='word_1_14' title='bbox 755 640 924 724; x_wconf 83' lang='lat' dir='ltr'><strong>Orpheum</strong></span> <span class='ocrx_word' id='word_1_15' title='bbox 954 639 995 700; x_wconf 89' lang='lat' dir='ltr'><strong>de</strong></span> <span class='ocrx_word' id='word_1_16' title='bbox 1024 639 1193 722; x_wconf 89' lang='lat' dir='ltr'><strong>Lapidihus</strong></span> <span class='ocrx_word' id='word_1_17' title='bbox 1226 645 1272 704; x_wconf 77' lang='lat'><strong>15.</strong></span> <span class='ocrx_word' id='word_1_18' title='bbox 1302 649 1353 706; x_wconf 71' lang='lat'><strong>13·</strong></span> <span class='ocrx_word' id='word_1_19' title='bbox 1395 651 1396 662; x_wconf 60' lang='lat'>¹</span> 
     </span>
     <span class='ocr_line' id='line_1_4' title="bbox 315 746 1352 831; baseline -0.002 -23"><span class='ocrx_word' id='word_1_20' title='bbox 315 750 542 831; x_wconf 82' lang='lat' dir='ltr'><strong>Argumentum</strong></span> <span class='ocrx_word' id='word_1_21' title='bbox 576 747 760 808; x_wconf 85' lang='lat' dir='ltr'><strong>comoediae</strong></span> <span class='ocrx_word' id='word_1_22' title='bbox 800 746 922 808; x_wconf 76' lang='lat' dir='ltr'><strong>Cratini</strong></span> <span class='ocrx_word' id='word_1_23' title='bbox 957 755 1107 806; x_wconf 82' lang='lat' dir='ltr'><strong>accurate</strong></span> <span class='ocrx_word' id='word_1_24' title='bbox 1145 755 1262 808; x_wconf 83' lang='lat' dir='ltr'><strong>tractat</strong></span> <span class='ocrx_word' id='word_1_25' title='bbox 1303 749 1352 807; x_wconf 92' lang='lat' dir='ltr'><strong>Cl.</strong></span> 
     </span>
     <span class='ocr_line' id='line_1_5' title="bbox 317 851 1354 936; baseline -0.003 -20"><span class='ocrx_word' id='word_1_26' title='bbox 317 854 569 916; x_wconf 86' lang='lat' dir='ltr'><strong>Ilcmsterhusius</strong></span> <span class='ocrx_word' id='word_1_27' title='bbox 599 853 640 914; x_wconf 93' lang='lat' dir='ltr'><strong>ad</strong></span> <span class='ocrx_word' id='word_1_28' title='bbox 668 852 833 936; x_wconf 78' lang='lat' dir='ltr'><strong>Pollucem</strong></span> <span class='ocrx_word' id='word_1_29' title='bbox 854 853 894 912; x_wconf 85' lang='lat' dir='ltr'><strong>X.</strong></span> <span class='ocrx_word' id='word_1_30' title='bbox 921 855 988 916; x_wconf 76' lang='lat'><strong>166.</strong></span> <span class='ocrx_word' id='word_1_31' title='bbox 1009 851 1216 935; x_wconf 86' lang='lat' dir='ltr'><strong>Appollodori</strong></span> <span class='ocrx_word' id='word_1_32' title='bbox 1238 875 1354 914; x_wconf 89' lang='lat' dir='ltr'><strong>narra-</strong></span> 
     </span>
    </p>

    <p class='ocr_par' dir='ltr' id='par_1_3' title="bbox 275 943 1352 1471">
     <span class='ocr_line' id='line_1_6' title="bbox 275 943 1351 1043; baseline 0 -21"><span class='ocrx_word' id='word_1_33' title='bbox 275 943 278 948; x_wconf 29' lang='lat'><em>*</em></span> <span class='ocrx_word' id='word_1_34' title='bbox 315 962 436 1024; x_wconf 89' lang='lat' dir='ltr'><strong>tionem</strong></span> <span class='ocrx_word' id='word_1_35' title='bbox 457 963 612 1032; x_wconf 81' lang='lat' dir='ltr'><strong>retinens3</strong></span> <span class='ocrx_word' id='word_1_36' title='bbox 634 961 722 1022; x_wconf 88' lang='lat' dir='ltr'><strong>euius</strong></span> <span class='ocrx_word' id='word_1_37' title='bbox 744 959 974 1043; x_wconf 76' lang='lat' dir='ltr'><strong>disputationis,</strong></span> <span class='ocrx_word' id='word_1_38' title='bbox 995 980 1068 1020; x_wconf 89' lang='lat' dir='ltr'><strong>cum</strong></span> <span class='ocrx_word' id='word_1_39' title='bbox 1089 959 1129 1020; x_wconf 84' lang='lat' dir='ltr'><strong>a&#39;d</strong></span> <span class='ocrx_word' id='word_1_40' title='bbox 1151 961 1351 1022; x_wconf 82' lang='lat' dir='ltr'><strong>comoediam</strong></span> 
     </span>
     <span class='ocr_line' id='line_1_7' title="bbox 317 1044 1351 1144; baseline -0.002 -14"><span class='ocrx_word' id='word_1_41' title='bbox 317 1068 427 1130; x_wconf 87' lang='lat' dir='ltr'><strong>melius</strong></span> <span class='ocrx_word' id='word_1_42' title='bbox 450 1044 683 1130; x_wconf 85' lang='lat' dir='ltr'><strong>diiudicandam</strong></span> <span class='ocrx_word' id='word_1_43' title='bbox 704 1066 838 1128; x_wconf 89' lang='lat' dir='ltr'><strong>multum</strong></span> <span class='ocrx_word' id='word_1_44' title='bbox 858 1067 1013 1144; x_wconf 81' lang='lat' dir='ltr'><strong>conferat,</strong></span> <span class='ocrx_word' id='word_1_45' title='bbox 1034 1065 1229 1128; x_wconf 88' lang='lat' dir='ltr'><strong>mentionem</strong></span> <span class='ocrx_word' id='word_1_46' title='bbox 1242 1067 1351 1130; x_wconf 85' lang='lat' dir='ltr'><strong>facere</strong></span> 
     </span>
     <span class='ocr_line' id='line_1_8' title="bbox 317 1171 1350 1256; baseline 0 -20"><span class='ocrx_word' id='word_1_47' title='bbox 317 1175 472 1236; x_wconf 85' lang='lat' dir='ltr'><strong>hocloco</strong></span> <span class='ocrx_word' id='word_1_48' title='bbox 493 1195 558 1234; x_wconf 87' lang='lat' dir='ltr'><strong>non</strong></span> <span class='ocrx_word' id='word_1_49' title='bbox 582 1173 806 1234; x_wconf 87' lang='lat' dir='ltr'><strong>aliennm&#39;esse</strong></span> <span class='ocrx_word' id='word_1_50' title='bbox 826 1172 975 1234; x_wconf 77' lang='lat' dir='ltr'><strong>arbitror.</strong></span> <span class='ocrx_word' id='word_1_51' title='bbox 1013 1171 1195 1256; x_wconf 77' lang='lat' dir='ltr'><strong>&#39;Seriphum</strong></span> <span class='ocrx_word' id='word_1_52' title='bbox 1216 1173 1350 1236; x_wconf 86' lang='lat' dir='ltr'><strong>insulam</strong></span> 
     </span>
     <span class='ocr_line' id='line_1_9' title="bbox 318 1279 1352 1363; baseline 0 -21"><span class='ocrx_word' id='word_1_53' title='bbox 318 1281 380 1344; x_wconf 88' lang='lat' dir='ltr'><strong>hac</strong></span> <span class='ocrx_word' id='word_1_54' title='bbox 404 1280 510 1342; x_wconf 82' lang='lat' dir='ltr'><strong>fabula</strong></span> <span class='ocrx_word' id='word_1_55' title='bbox 536 1280 672 1362; x_wconf 80' lang='lat' dir='ltr'><strong>tetigisse</strong></span> <span class='ocrx_word' id='word_1_56' title='bbox 701 1280 866 1340; x_wconf 79' lang='lat' dir='ltr'><strong>Cratinum</strong></span> <span class='ocrx_word' id='word_1_57' title='bbox 886 1279 986 1363; x_wconf 87' lang='lat' dir='ltr'><strong>liquet</strong></span> <span class='ocrx_word' id='word_1_58' title='bbox 1006 1300 1042 1341; x_wconf 83' lang='lat' dir='ltr'><strong>ex</strong></span> <span class='ocrx_word' id='word_1_59' title='bbox 1066 1281 1265 1363; x_wconf 84' lang='lat' dir='ltr'><strong>versuapud</strong></span> <span class='ocrx_word' id='word_1_60' title='bbox 1290 1282 1352 1342; x_wconf 80' lang='lat' dir='ltr'><strong>He·</strong></span> 
     </span>
     <span class='ocr_line' id='line_1_10' title="bbox 319 1385 1234 1471; baseline -0.002 -23"><span class='ocrx_word' id='word_1_61' title='bbox 319 1389 538 1471; x_wconf 88' lang='lat' dir='ltr'><strong>phaestionem</strong></span> <span class='ocrx_word' id='word_1_62' title='bbox 558 1411 590 1471; x_wconf 89' lang='lat' dir='ltr'><strong>p.</strong></span> <span class='ocrx_word' id='word_1_63' title='bbox 616 1391 666 1452; x_wconf 77' lang='lat'><strong>51·</strong></span> <span class='ocrx_word' id='word_1_64' title='bbox 691 1389 737 1469; x_wconf 81' lang='lat' dir='ltr'><strong>(p.</strong></span> <span class='ocrx_word' id='word_1_65' title='bbox 759 1389 808 1468; x_wconf 86' lang='lat'><strong>89.</strong></span> <span class='ocrx_word' id='word_1_66' title='bbox 835 1391 864 1450; x_wconf 82' lang='lat' dir='ltr'><strong>o.</strong></span> <span class='ocrx_word' id='word_1_67' title='bbox 878 1385 935 1448; x_wconf 80' lang='lat' dir='ltr'><strong>ed.</strong></span> <span class='ocrx_word' id='word_1_68' title='bbox 960 1387 1069 1462; x_wconf 87' lang='lat' dir='ltr'><strong>Gaisf.)</strong></span> <span class='ocrx_word' id='word_1_69' title='bbox 1091 1395 1234 1447; x_wconf 81' lang='lat' dir='ltr'><strong>servato:</strong></span> 
     </span>
    </p>

    <p class='ocr_par' dir='ltr' id='par_1_4' title="bbox 327 1474 1304 1578">
     <span class='ocr_line' id='line_1_11' title="bbox 327 1474 1304 1578; baseline 0 -22"><span class='ocrx_word' id='word_1_70' title='bbox 327 1503 344 1539; x_wconf 82' lang='lat'><strong>‘=</strong></span> <span class='ocrx_word' id='word_1_71' title='bbox 402 1489 547 1578; x_wconf 73' lang='grc' dir='ltr'><strong>Χαίρετε,</strong></span> <span class='ocrx_word' id='word_1_72' title='bbox 569 1493 678 1568; x_wconf 75' lang='grc' dir='ltr'><strong><em>πάντες</em></strong></span> <span class='ocrx_word' id='word_1_73' title='bbox 697 1474 775 1570; x_wconf 72' lang='lat' dir='ltr'><strong>daei,</strong></span> <span class='ocrx_word' id='word_1_74' title='bbox 801 1487 984 1573; x_wconf 68' lang='lat' dir='ltr'><strong>aestuatur</strong></span> <span class='ocrx_word' id='word_1_75' title='bbox 1003 1490 1132 1554; x_wconf 67' lang='lat' dir='ltr'><strong>assueta</strong></span> <span class='ocrx_word' id='word_1_76' title='bbox 1155 1491 1304 1577; x_wconf 73' lang='grc' dir='ltr'><strong>Εερίφον.</strong></span> 
     </span>
    </p>

    <p class='ocr_par' dir='ltr' id='par_1_5' title="bbox 286 1597 1352 2112">
     <span class='ocr_line' id='line_1_12' title="bbox 286 1597 1349 1682; baseline -0.003 -20"><span class='ocrx_word' id='word_1_77' title='bbox 286 1613 287 1618; x_wconf 76' lang='grc'>’</span> <span class='ocrx_word' id='word_1_78' title='bbox 321 1599 403 1662; x_wconf 85' lang='lat' dir='ltr'><strong>Vide</strong></span> <span class='ocrx_word' id='word_1_79' title='bbox 424 1600 531 1664; x_wconf 87' lang='lat' dir='ltr'><strong>Herm.</strong></span> <span class='ocrx_word' id='word_1_80' title='bbox 552 1601 653 1662; x_wconf 83' lang='lat' dir='ltr'><strong>Elem.</strong></span> <span class='ocrx_word' id='word_1_81' title='bbox 667 1600 707 1662; x_wconf 85' lang='lat' dir='ltr'><strong>d.</strong></span> <span class='ocrx_word' id='word_1_82' title='bbox 731 1623 771 1662; x_wconf 89' lang='lat' dir='ltr'><strong>m.</strong></span> <span class='ocrx_word' id='word_1_83' title='bbox 795 1622 827 1682; x_wconf 88' lang='lat' dir='ltr'><strong>p.</strong></span> <span class='ocrx_word' id='word_1_84' title='bbox 851 1603 919 1680; x_wconf 78' lang='lat'><strong>644.</strong></span> <span class='ocrx_word' id='word_1_85' title='bbox 943 1597 1028 1682; x_wconf 88' lang='lat' dir='ltr'><strong>Epit.</strong></span> <span class='ocrx_word' id='word_1_86' title='bbox 1050 1599 1154 1660; x_wconf 85' lang='lat' dir='ltr'><strong>doctr.</strong></span> <span class='ocrx_word' id='word_1_87' title='bbox 1178 1621 1218 1660; x_wconf 90' lang='lat' dir='ltr'><strong>m.</strong></span> <span class='ocrx_word' id='word_1_88' title='bbox 1241 1606 1272 1674; x_wconf 61' lang='grc' dir='ltr'><strong>ς.</strong></span> <span class='ocrx_word' id='word_1_89' title='bbox 1287 1605 1349 1666; x_wconf 80' lang='lat' dir='ltr'><strong>sn.</strong></span> 
     </span>
     <span class='ocr_line' id='line_1_13' title="bbox 321 1706 1350 1782; baseline -0.001 -14"><span class='ocrx_word' id='word_1_90' title='bbox 321 1707 442 1782; x_wconf 79' lang='lat' dir='ltr'><strong>Fabula</strong></span> <span class='ocrx_word' id='word_1_91' title='bbox 472 1729 547 1769; x_wconf 88' lang='lat' dir='ltr'><strong>vero</strong></span> <span class='ocrx_word' id='word_1_92' title='bbox 577 1707 656 1768; x_wconf 88' lang='lat' dir='ltr'><strong>hacc</strong></span> <span class='ocrx_word' id='word_1_93' title='bbox 690 1717 746 1768; x_wconf 87' lang='lat' dir='ltr'><strong>est.</strong></span> <span class='ocrx_word' id='word_1_94' title='bbox 796 1707 940 1782; x_wconf 88' lang='lat' dir='ltr'><strong>Perseus,</strong></span> <span class='ocrx_word' id='word_1_95' title='bbox 974 1706 1109 1766; x_wconf 85' lang='lat' dir='ltr'><strong>abscisso</strong></span> <span class='ocrx_word' id='word_1_96' title='bbox 1130 1706 1281 1767; x_wconf 80' lang='lat' dir='ltr'><strong>Medusae</strong></span> <span class='ocrx_word' id='word_1_97' title='bbox 1304 1729 1350 1767; x_wconf 87' lang='lat' dir='ltr'><strong>ca·</strong></span> 
     </span>
     <span class='ocr_line' id='line_1_14' title="bbox 322 1810 1352 1899; baseline -0.002 -25"><span class='ocrx_word' id='word_1_98' title='bbox 322 1815 399 1899; x_wconf 88' lang='lat' dir='ltr'><strong>pite,</strong></span> <span class='ocrx_word' id='word_1_99' title='bbox 422 1815 454 1876; x_wconf 88' lang='lat' dir='ltr'><strong>iu</strong></span> <span class='ocrx_word' id='word_1_100' title='bbox 474 1813 675 1896; x_wconf 85' lang='lat' dir='ltr'><strong>Aethiopiam</strong></span> <span class='ocrx_word' id='word_1_101' title='bbox 697 1813 833 1888; x_wconf 89' lang='lat' dir='ltr'><strong>devenit,</strong></span> <span class='ocrx_word' id='word_1_102' title='bbox 851 1810 1149 1896; x_wconf 88' lang='lat' dir='ltr'><strong>Andromedamque</strong></span> <span class='ocrx_word' id='word_1_103' title='bbox 1169 1811 1292 1894; x_wconf 82' lang='lat' dir='ltr'><strong>Cephei</strong></span> <span class='ocrx_word' id='word_1_104' title='bbox 1309 1833 1352 1872; x_wconf 89' lang='lat' dir='ltr'><strong>rc·</strong></span> 
     </span>
     <span class='ocr_line' id='line_1_15' title="bbox 325 1919 1350 2004; baseline -0.002 -24"><span class='ocrx_word' id='word_1_105' title='bbox 325 1922 369 2004; x_wconf 80' lang='lat' dir='ltr'><strong>gis</strong></span> <span class='ocrx_word' id='word_1_106' title='bbox 397 1921 496 1992; x_wconf 70' lang='lat' dir='ltr'><strong>,liliam</strong></span> <span class='ocrx_word' id='word_1_107' title='bbox 514 1921 595 2000; x_wconf 81' lang='lat' dir='ltr'><strong>rupi·</strong></span> <span class='ocrx_word' id='word_1_108' title='bbox 612 1920 770 2004; x_wconf 78' lang='lat' dir='ltr'><strong>alligatam</strong></span> <span class='ocrx_word' id='word_1_109' title='bbox 793 1930 825 1980; x_wconf 90' lang='lat' dir='ltr'><strong>et</strong></span> <span class='ocrx_word' id='word_1_110' title='bbox 845 1919 967 1980; x_wconf 86' lang='lat' dir='ltr'><strong>crudeli</strong></span> <span class='ocrx_word' id='word_1_111' title='bbox 989 1920 1114 1982; x_wconf 90' lang='lat' dir='ltr'><strong>belluae</strong></span> <span class='ocrx_word' id='word_1_112' title='bbox 1135 1920 1278 1982; x_wconf 84' lang='lat' dir='ltr'><strong>marinae</strong></span> <span class='ocrx_word' id='word_1_113' title='bbox 1307 1940 1350 1981; x_wconf 82' lang='lat' dir='ltr'><strong>ex-</strong></span> 
     </span>
     <span class='ocr_line' id='line_1_16' title="bbox 326 2026 1350 2112; baseline -0.003 -24"><span class='ocrx_word' id='word_1_114' title='bbox 326 2027 464 2112; x_wconf 86' lang='lat' dir='ltr'><strong>positam</strong></span> <span class='ocrx_word' id='word_1_115' title='bbox 484 2026 580 2088; x_wconf 86' lang='lat' dir='ltr'><strong>videt.</strong></span> <span class='ocrx_word' id='word_1_116' title='bbox 622 2027 712 2092; x_wconf 88' lang='lat' dir='ltr'><strong>Hauc</strong></span> <span class='ocrx_word' id='word_1_117' title='bbox 734 2027 818 2087; x_wconf 90' lang='lat' dir='ltr'><strong>enim</strong></span> <span class='ocrx_word' id='word_1_118' title='bbox 838 2037 989 2110; x_wconf 88' lang='lat' dir='ltr'><strong>tanquam</strong></span> <span class='ocrx_word' id='word_1_119' title='bbox 1008 2027 1142 2088; x_wconf 88' lang='lat' dir='ltr'><strong>hostiam</strong></span> <span class='ocrx_word' id='word_1_120' title='bbox 1163 2027 1350 2108; x_wconf 83' lang='lat' dir='ltr'><strong>piacularem</strong></span> 
     </span>
    </p>
   </div>
   <div class='ocr_carea' id='block_1_3' title="bbox 287 2129 1351 2325">
    <p class='ocr_par' dir='ltr' id='par_1_6' title="bbox 287 2129 1351 2325">
     <span class='ocr_line' id='line_1_17' title="bbox 326 2129 1350 2224; baseline -0.011 -23"><span class='ocrx_word' id='word_1_121' title='bbox 326 2136 488 2224; x_wconf 83' lang='lat' dir='ltr'><strong>Ammonis</strong></span> <span class='ocrx_word' id='word_1_122' title='bbox 510 2135 675 2196; x_wconf 88' lang='lat' dir='ltr'><strong>oraculum</strong></span> <span class='ocrx_word' id='word_1_123' title='bbox 697 2145 729 2196; x_wconf 89' lang='lat' dir='ltr'><strong>et</strong></span> <span class='ocrx_word' id='word_1_124' title='bbox 741 2134 889 2196; x_wconf 88' lang='lat' dir='ltr'><strong>Nereides</strong></span> <span class='ocrx_word' id='word_1_125' title='bbox 911 2136 1011 2194; x_wconf 89' lang='lat' dir='ltr'><strong>iratae</strong></span> <span class='ocrx_word' id='word_1_126' title='bbox 1033 2143 1256 2218; x_wconf 88' lang='lat' dir='ltr'><strong>poposcerant,</strong></span> <span class='ocrx_word' id='word_1_127' title='bbox 1274 2129 1350 2216; x_wconf 91' lang='lat' dir='ltr'><strong>quod</strong></span> 
     </span>
     <span class='ocr_line' id='line_1_18' title="bbox 287 2225 1351 2325; baseline -0.008 -20"><span class='ocrx_word' id='word_1_128' title='bbox 287 2225 293 2239; x_wconf 77' lang='lat'><strong>.</strong></span> <span class='ocrx_word' id='word_1_129' title='bbox 326 2245 373 2306; x_wconf 80' lang='lat' dir='ltr'><strong>iis·</strong></span> <span class='ocrx_word' id='word_1_130' title='bbox 398 2244 543 2306; x_wconf 88' lang='lat' dir='ltr'><strong>omnihus</strong></span> <span class='ocrx_word' id='word_1_131' title='bbox 574 2243 678 2304; x_wconf 87' lang='lat' dir='ltr'><strong>forma</strong></span> <span class='ocrx_word' id='word_1_132' title='bbox 700 2263 732 2302; x_wconf 94' lang='lat' dir='ltr'><strong>se</strong></span> <span class='ocrx_word' id='word_1_133' title='bbox 756 2240 953 2325; x_wconf 90' lang='lat' dir='ltr'><strong>praecellere</strong></span> <span class='ocrx_word' id='word_1_134' title='bbox 975 2240 1120 2302; x_wconf 88' lang='lat' dir='ltr'><strong>iactasset</strong></span> <span class='ocrx_word' id='word_1_135' title='bbox 1139 2258 1217 2300; x_wconf 83' lang='lat' dir='ltr'><strong>uxor</strong></span> <span class='ocrx_word' id='word_1_136' title='bbox 1239 2234 1351 2322; x_wconf 80' lang='lat' dir='ltr'><strong>Cephei</strong></span> 
     </span>
    </p>
   </div>
   <div class='ocr_carea' id='block_1_4' title="bbox 270 2345 1356 4028">
    <p class='ocr_par' dir='ltr' id='par_1_7' title="bbox 270 2345 1356 4028">
     <span class='ocr_line' id='line_1_19' title="bbox 328 2345 1350 2433; baseline -0.01 -22"><span class='ocrx_word' id='word_1_137' title='bbox 328 2349 525 2433; x_wconf 83' lang='lat' dir='ltr'><strong>Cassiopeia:</strong></span> <span class='ocrx_word' id='word_1_138' title='bbox 550 2369 658 2410; x_wconf 87' lang='lat' dir='ltr'><strong>amore</strong></span> <span class='ocrx_word' id='word_1_139' title='bbox 680 2348 825 2408; x_wconf 88' lang='lat' dir='ltr'><strong>incensus</strong></span> <span class='ocrx_word' id='word_1_140' title='bbox 841 2349 975 2408; x_wconf 84' lang='lat' dir='ltr'><strong>Perseus</strong></span> <span class='ocrx_word' id='word_1_141' title='bbox 989 2347 1112 2428; x_wconf 85' lang='lat' dir='ltr'><strong>nuptias</strong></span> <span class='ocrx_word' id='word_1_142' title='bbox 1125 2345 1350 2416; x_wconf 82' lang='lat' dir='ltr'><strong>Andromedae,</strong></span> 
     </span>
     <span class='ocr_line' id='line_1_20' title="bbox 325 2437 1350 2533; baseline -0.011 -17"><span class='ocrx_word' id='word_1_143' title='bbox 325 2456 352 2516; x_wconf 85' lang='lat' dir='ltr'><strong>si</strong></span> <span class='ocrx_word' id='word_1_144' title='bbox 379 2437 515 2518; x_wconf 81' lang='lat' dir='ltr'><strong>illama</strong></span> <span class='ocrx_word' id='word_1_145' title='bbox 541 2453 684 2530; x_wconf 72' lang='lat' dir='ltr'><strong>vinculis,</strong></span> <span class='ocrx_word' id='word_1_146' title='bbox 722 2453 827 2514; x_wconf 90' lang='lat' dir='ltr'><strong>occiso</strong></span> <span class='ocrx_word' id='word_1_147' title='bbox 856 2461 937 2528; x_wconf 88' lang='lat' dir='ltr'><strong>octe,</strong></span> <span class='ocrx_word' id='word_1_148' title='bbox 970 2451 1143 2528; x_wconf 87' lang='lat' dir='ltr'><strong>liberasset,</strong></span> <span class='ocrx_word' id='word_1_149' title='bbox 1178 2451 1350 2533; x_wconf 83' lang='lat' dir='ltr'><strong>paciscitur.</strong></span> 
     </span>
     <span class='ocr_line' id='line_1_21' title="bbox 326 2556 1352 2640; baseline -0.007 -21"><span class='ocrx_word' id='word_1_150' title='bbox 326 2561 471 2620; x_wconf 85' lang='lat' dir='ltr'><strong>Deorum</strong></span> <span class='ocrx_word' id='word_1_151' title='bbox 505 2557 612 2640; x_wconf 90' lang='lat' dir='ltr'><strong>itaque</strong></span> <span class='ocrx_word' id='word_1_152' title='bbox 643 2560 675 2618; x_wconf 90' lang='lat' dir='ltr'><strong>in</strong></span> <span class='ocrx_word' id='word_1_153' title='bbox 699 2559 808 2640; x_wconf 88' lang='lat' dir='ltr'><strong>primis</strong></span> <span class='ocrx_word' id='word_1_154' title='bbox 829 2559 991 2618; x_wconf 88' lang='lat' dir='ltr'><strong>Minervae</strong></span> <span class='ocrx_word' id='word_1_155' title='bbox 1014 2556 1127 2618; x_wconf 79' lang='lat' dir='ltr'><strong>auxilio</strong></span> <span class='ocrx_word' id='word_1_156' title='bbox 1151 2557 1276 2617; x_wconf 82' lang='lat' dir='ltr'><strong>adiutus</strong></span> <span class='ocrx_word' id='word_1_157' title='bbox 1297 2557 1352 2615; x_wconf 74' lang='lat' dir='ltr'><strong>An-</strong></span> 
     </span>
     <span class='ocr_line' id='line_1_22' title="bbox 328 2663 1351 2746; baseline -0.013 -17"><span class='ocrx_word' id='word_1_158' title='bbox 328 2664 521 2730; x_wconf 82' lang='lat' dir='ltr'><strong>dromedam</strong></span> <span class='ocrx_word' id='word_1_159' title='bbox 551 2663 659 2724; x_wconf 73' lang='lat' dir='ltr'><strong>solvita</strong></span> <span class='ocrx_word' id='word_1_160' title='bbox 691 2674 723 2723; x_wconf 89' lang='lat' dir='ltr'><strong>at</strong></span> <span class='ocrx_word' id='word_1_161' title='bbox 753 2685 825 2723; x_wconf 89' lang='lat' dir='ltr'><strong>cum</strong></span> <span class='ocrx_word' id='word_1_162' title='bbox 852 2663 989 2724; x_wconf 89' lang='lat' dir='ltr'><strong>Phineus</strong></span> <span class='ocrx_word' id='word_1_163' title='bbox 1025 2665 1076 2724; x_wconf 85' lang='lat' dir='ltr'><strong>cui</strong></span> <span class='ocrx_word' id='word_1_164' title='bbox 1098 2664 1185 2746; x_wconf 89' lang='lat' dir='ltr'><strong>prius</strong></span> <span class='ocrx_word' id='word_1_165' title='bbox 1209 2663 1351 2745; x_wconf 88' lang='lat' dir='ltr'><strong>desponsa</strong></span> 
     </span>
     <span class='ocr_line' id='line_1_23' title="bbox 326 2759 1352 2847; baseline -0.012 -12"><span class='ocrx_word' id='word_1_166' title='bbox 326 2771 433 2836; x_wconf 78' lang='lat' dir='ltr'><strong>luerat</strong></span> <span class='ocrx_word' id='word_1_167' title='bbox 456 2769 669 2847; x_wconf 80' lang='lat' dir='ltr'><strong>Andromeda,</strong></span> <span class='ocrx_word' id='word_1_168' title='bbox 691 2769 817 2830; x_wconf 87' lang='lat' dir='ltr'><strong>insidias</strong></span> <span class='ocrx_word' id='word_1_169' title='bbox 840 2770 870 2830; x_wconf 88' lang='lat' dir='ltr'><strong>ei</strong></span> <span class='ocrx_word' id='word_1_170' title='bbox 890 2779 1036 2847; x_wconf 87' lang='lat' dir='ltr'><strong>strueret,</strong></span> <span class='ocrx_word' id='word_1_171' title='bbox 1069 2759 1154 2830; x_wconf 80' lang='lat' dir='ltr'><strong>hune</strong></span> <span class='ocrx_word' id='word_1_172' title='bbox 1175 2769 1268 2828; x_wconf 85' lang='lat' dir='ltr'><strong>simul</strong></span> <span class='ocrx_word' id='word_1_173' title='bbox 1291 2788 1352 2828; x_wconf 89' lang='lat' dir='ltr'><strong>cum</strong></span> 
     </span>
     <span class='ocr_line' id='line_1_24' title="bbox 328 2874 1350 2962; baseline -0.008 -24"><span class='ocrx_word' id='word_1_174' title='bbox 328 2877 433 2955; x_wconf 88' lang='lat' dir='ltr'><strong>sociis,</strong></span> <span class='ocrx_word' id='word_1_175' title='bbox 456 2874 784 2962; x_wconf 67' lang='lat' dir='ltr'><strong>ostentatoMedusae</strong></span> <span class='ocrx_word' id='word_1_176' title='bbox 808 2875 965 2958; x_wconf 89' lang='lat' dir='ltr'><strong>capite‚in</strong></span> <span class='ocrx_word' id='word_1_177' title='bbox 985 2898 1054 2937; x_wconf 79' lang='lat' dir='ltr'><strong>saxa</strong></span> <span class='ocrx_word' id='word_1_178' title='bbox 1071 2877 1213 2937; x_wconf 74' lang='lat' dir='ltr'><strong>mutavit.</strong></span> <span class='ocrx_word' id='word_1_179' title='bbox 1235 2874 1350 2938; x_wconf 83' lang='lat' dir='ltr'><strong>Deinde</strong></span> 
     </span>
     <span class='ocr_line' id='line_1_25' title="bbox 328 2981 1350 3064; baseline -0.004 -18"><span class='ocrx_word' id='word_1_180' title='bbox 328 3007 402 3048; x_wconf 87' lang='lat' dir='ltr'><strong>cnm</strong></span> <span class='ocrx_word' id='word_1_181' title='bbox 429 2986 462 3046; x_wconf 89' lang='lat' dir='ltr'><strong>in</strong></span> <span class='ocrx_word' id='word_1_182' title='bbox 493 2983 627 3045; x_wconf 89' lang='lat' dir='ltr'><strong>insulam</strong></span> <span class='ocrx_word' id='word_1_183' title='bbox 648 2981 817 3064; x_wconf 87' lang='lat' dir='ltr'><strong>Seriphum</strong></span> <span class='ocrx_word' id='word_1_184' title='bbox 838 3005 980 3044; x_wconf 83' lang='lat' dir='ltr'><strong>reversus</strong></span> <span class='ocrx_word' id='word_1_185' title='bbox 1002 2993 1136 3044; x_wconf 88' lang='lat' dir='ltr'><strong>matrem</strong></span> <span class='ocrx_word' id='word_1_186' title='bbox 1157 3005 1230 3044; x_wconf 88' lang='lat' dir='ltr'><strong>eum</strong></span> <span class='ocrx_word' id='word_1_187' title='bbox 1248 2985 1350 3064; x_wconf 77' lang='lat' dir='ltr'><strong>Dictys</strong></span> 
     </span>
     <span class='ocr_line' id='line_1_26' title="bbox 327 3089 1350 3176; baseline -0.01 -22"><span class='ocrx_word' id='word_1_188' title='bbox 327 3101 461 3176; x_wconf 83' lang='lat' dir='ltr'><strong>propter</strong></span> <span class='ocrx_word' id='word_1_189' title='bbox 488 3090 618 3152; x_wconf 83' lang='lat' dir='ltr'><strong>iniurias</strong></span> <span class='ocrx_word' id='word_1_190' title='bbox 648 3113 666 3150; x_wconf 90' lang='lat' dir='ltr'><strong>a</strong></span> <span class='ocrx_word' id='word_1_191' title='bbox 691 3089 863 3172; x_wconf 88' lang='lat' dir='ltr'><strong>Polydecte</strong></span> <span class='ocrx_word' id='word_1_192' title='bbox 893 3090 992 3150; x_wconf 84' lang='lat' dir='ltr'><strong>illotae</strong></span> <span class='ocrx_word' id='word_1_193' title='bbox 1023 3090 1063 3150; x_wconf 90' lang='lat' dir='ltr'><strong>ad</strong></span> <span class='ocrx_word' id='word_1_194' title='bbox 1088 3107 1156 3151; x_wconf 79' lang='lat' dir='ltr'><strong>aras</strong></span> <span class='ocrx_word' id='word_1_195' title='bbox 1182 3092 1350 3173; x_wconf 85' lang='lat' dir='ltr'><strong>confugisse</strong></span> 
     </span>
     <span class='ocr_line' id='line_1_27' title="bbox 329 3195 1352 3280; baseline -0.009 -20"><span class='ocrx_word' id='word_1_196' title='bbox 329 3195 463 3272; x_wconf 84' lang='lat' dir='ltr'><strong>videret,</strong></span> <span class='ocrx_word' id='word_1_197' title='bbox 494 3219 603 3280; x_wconf 81' lang='lat' dir='ltr'><strong>regem</strong></span> <span class='ocrx_word' id='word_1_198' title='bbox 630 3197 734 3280; x_wconf 87' lang='lat' dir='ltr'><strong>ipsum</strong></span> <span class='ocrx_word' id='word_1_199' title='bbox 764 3206 797 3257; x_wconf 85' lang='lat' dir='ltr'><strong>ct</strong></span> <span class='ocrx_word' id='word_1_200' title='bbox 826 3197 879 3280; x_wconf 89' lang='lat' dir='ltr'><strong>qui</strong></span> <span class='ocrx_word' id='word_1_201' title='bbox 903 3219 976 3258; x_wconf 88' lang='lat' dir='ltr'><strong>eum</strong></span> <span class='ocrx_word' id='word_1_202' title='bbox 998 3217 1035 3259; x_wconf 91' lang='lat' dir='ltr'><strong>eo</strong></span> <span class='ocrx_word' id='word_1_203' title='bbox 1061 3199 1196 3259; x_wconf 60' lang='lat' dir='ltr'><strong>fuerunt*</strong></span> <span class='ocrx_word' id='word_1_204' title='bbox 1214 3199 1352 3260; x_wconf 81' lang='lat' dir='ltr'><strong>Medusae</strong></span> 
     </span>
     <span class='ocr_line' id='line_1_28' title="bbox 330 3301 1353 3386; baseline -0.011 -20"><span class='ocrx_word' id='word_1_205' title='bbox 330 3302 485 3386; x_wconf 82' lang='lat' dir='ltr'><strong>adspectu</strong></span> <span class='ocrx_word' id='word_1_206' title='bbox 512 3303 549 3364; x_wconf 85' lang='lat' dir='ltr'><strong>in&#39;</strong></span> <span class='ocrx_word' id='word_1_207' title='bbox 577 3303 696 3386; x_wconf 86' lang='lat' dir='ltr'><strong>lapides</strong></span> <span class='ocrx_word' id='word_1_208' title='bbox 730 3304 836 3364; x_wconf 78' lang='lat' dir='ltr'><strong>vertit.</strong></span> <span class='ocrx_word' id='word_1_209' title='bbox 886 3303 1100 3380; x_wconf 85' lang='lat' dir='ltr'><strong>Andromeda,</strong></span> <span class='ocrx_word' id='word_1_210' title='bbox 1129 3304 1218 3364; x_wconf 88' lang='lat' dir='ltr'><strong>ouius</strong></span> <span class='ocrx_word' id='word_1_211' title='bbox 1245 3301 1353 3367; x_wconf 89' lang='lat' dir='ltr'><strong>mentio</strong></span> 
     </span>
     <span class='ocr_line' id='line_1_29' title="bbox 329 3405 1353 3494; baseline -0.008 -20"><span class='ocrx_word' id='word_1_212' title='bbox 329 3411 365 3474; x_wconf 85' lang='lat' dir='ltr'><strong>fit</strong></span> <span class='ocrx_word' id='word_1_213' title='bbox 395 3410 429 3472; x_wconf 90' lang='lat' dir='ltr'><strong>in</strong></span> <span class='ocrx_word' id='word_1_214' title='bbox 459 3409 581 3470; x_wconf 84' lang='lat' dir='ltr'><strong>Cratini</strong></span> <span class='ocrx_word' id='word_1_215' title='bbox 610 3411 787 3494; x_wconf 79' lang='lat' dir='ltr'><strong>fragmento</strong></span> <span class='ocrx_word' id='word_1_216' title='bbox 818 3411 902 3494; x_wconf 87' lang='lat' dir='ltr'><strong>apud</strong></span> <span class='ocrx_word' id='word_1_217' title='bbox 921 3411 1086 3472; x_wconf 89' lang='lat' dir='ltr'><strong>Pollucem</strong></span> <span class='ocrx_word' id='word_1_218' title='bbox 1106 3414 1147 3475; x_wconf 82' lang='lat' dir='ltr'><strong>X.</strong></span> <span class='ocrx_word' id='word_1_219' title='bbox 1168 3416 1236 3476; x_wconf 77' lang='lat'><strong>156.</strong></span> <span class='ocrx_word' id='word_1_220' title='bbox 1262 3405 1353 3474; x_wconf 63' lang='lat' dir='ltr'><strong>hsta.</strong></span> 
     </span>
     <span class='ocr_line' id='line_1_30' title="bbox 270 3491 1355 3602; baseline -0.001 -24"><span class='ocrx_word' id='word_1_221' title='bbox 270 3491 275 3511; x_wconf 53' lang='lat'><strong><em>⁴</em></strong></span> <span class='ocrx_word' id='word_1_222' title='bbox 330 3539 410 3598; x_wconf 78' lang='grc' dir='ltr'><strong><em>στρα</em></strong></span> <span class='ocrx_word' id='word_1_223' title='bbox 431 3527 575 3593; x_wconf 83' lang='lat' dir='ltr'><strong>vocatur,</strong></span> <span class='ocrx_word' id='word_1_224' title='bbox 593 3517 829 3578; x_wconf 86' lang='lat' dir='ltr'><strong>Hemsterhusio</strong></span> <span class='ocrx_word' id='word_1_225' title='bbox 849 3527 936 3578; x_wconf 88' lang='lat' dir='ltr'><strong>recte</strong></span> <span class='ocrx_word' id='word_1_226' title='bbox 953 3527 1113 3594; x_wconf 85' lang='lat' dir='ltr'><strong>monente,</strong></span> <span class='ocrx_word' id='word_1_227' title='bbox 1129 3529 1264 3602; x_wconf 86' lang='lat' dir='ltr'><strong>propter</strong></span> <span class='ocrx_word' id='word_1_228' title='bbox 1281 3535 1355 3578; x_wconf 87' lang='lat' dir='ltr'><strong>amo-</strong></span> 
     </span>
     <span class='ocr_line' id='line_1_31' title="bbox 331 3623 1354 3708; baseline -0.002 -24"><span class='ocrx_word' id='word_1_229' title='bbox 331 3645 414 3697; x_wconf 86' lang='lat' dir='ltr'><strong>rem,</strong></span> <span class='ocrx_word' id='word_1_230' title='bbox 434 3624 471 3682; x_wconf 68' lang='lat' dir='ltr'><strong>in⁴</strong></span> <span class='ocrx_word' id='word_1_231' title='bbox 491 3643 585 3704; x_wconf 88' lang='lat' dir='ltr'><strong>quem</strong></span> <span class='ocrx_word' id='word_1_232' title='bbox 606 3623 765 3684; x_wconf 84' lang='lat' dir='ltr'><strong>inciderat</strong></span> <span class='ocrx_word' id='word_1_233' title='bbox 785 3623 929 3684; x_wconf 87' lang='lat' dir='ltr'><strong>Perseus.</strong></span> <span class='ocrx_word' id='word_1_234' title='bbox 971 3624 1187 3686; x_wconf 84' lang='lat' dir='ltr'><strong>Probabiliter</strong></span> <span class='ocrx_word' id='word_1_235' title='bbox 1211 3623 1354 3708; x_wconf 81' lang='lat' dir='ltr'><strong>quaedam</strong></span> 
     </span>
     <span class='ocr_line' id='line_1_32' title="bbox 331 3727 1354 3813; baseline -0.001 -23"><span class='ocrx_word' id='word_1_236' title='bbox 331 3728 370 3790; x_wconf 85' lang='lat' dir='ltr'><strong>de</strong></span> <span class='ocrx_word' id='word_1_237' title='bbox 394 3727 455 3788; x_wconf 90' lang='lat' dir='ltr'><strong>hae</strong></span> <span class='ocrx_word' id='word_1_238' title='bbox 476 3729 583 3790; x_wconf 87' lang='lat' dir='ltr'><strong>fabula</strong></span> <span class='ocrx_word' id='word_1_239' title='bbox 604 3728 741 3789; x_wconf 87' lang='lat' dir='ltr'><strong>coniecit</strong></span> <span class='ocrx_word' id='word_1_240' title='bbox 761 3730 906 3790; x_wconf 87' lang='lat' dir='ltr'><strong>Meincke</strong></span> <span class='ocrx_word' id='word_1_241' title='bbox 931 3731 964 3791; x_wconf 90' lang='lat' dir='ltr'><strong>in</strong></span> <span class='ocrx_word' id='word_1_242' title='bbox 984 3733 1117 3813; x_wconf 87' lang='lat' dir='ltr'><strong>praefat.</strong></span> <span class='ocrx_word' id='word_1_243' title='bbox 1144 3732 1184 3794; x_wconf 92' lang='lat' dir='ltr'><strong>ad</strong></span> <span class='ocrx_word' id='word_1_244' title='bbox 1198 3727 1354 3793; x_wconf 79' lang='lat' dir='ltr'><strong>Menandr·</strong></span> 
     </span>
     <span class='ocr_line' id='line_1_33' title="bbox 330 3833 1355 3920; baseline 0.001 -25"><span class='ocrx_word' id='word_1_245' title='bbox 330 3859 362 3920; x_wconf 91' lang='lat' dir='ltr'><strong>p.</strong></span> <span class='ocrx_word' id='word_1_246' title='bbox 392 3833 507 3896; x_wconf 92' lang='lat' dir='ltr'><strong>XVlll.</strong></span> <span class='ocrx_word' id='word_1_247' title='bbox 560 3834 675 3894; x_wconf 89' lang='lat' dir='ltr'><strong>Multos</strong></span> <span class='ocrx_word' id='word_1_248' title='bbox 706 3836 843 3896; x_wconf 88' lang='lat' dir='ltr'><strong>comicos</strong></span> <span class='ocrx_word' id='word_1_249' title='bbox 874 3836 906 3896; x_wconf 88' lang='lat' dir='ltr'><strong>in</strong></span> <span class='ocrx_word' id='word_1_250' title='bbox 932 3839 1044 3898; x_wconf 78' lang='lat' dir='ltr'><strong>fabulis</strong></span> <span class='ocrx_word' id='word_1_251' title='bbox 1065 3840 1206 3900; x_wconf 89' lang='lat' dir='ltr'><strong>vetulam</strong></span> <span class='ocrx_word' id='word_1_252' title='bbox 1228 3837 1355 3920; x_wconf 80' lang='lat' dir='ltr'><strong>piscibus</strong></span> 
     </span>
     <span class='ocr_line' id='line_1_34' title="bbox 333 3941 1356 4028; baseline -0.002 -26"><span class='ocrx_word' id='word_1_253' title='bbox 333 3941 550 4002; x_wconf 86' lang='lat' dir='ltr'><strong>devorandam</strong></span> <span class='ocrx_word' id='word_1_254' title='bbox 583 3941 768 4024; x_wconf 75' lang='lat' dir='ltr'><strong>exposuisse,</strong></span> <span class='ocrx_word' id='word_1_255' title='bbox 804 3951 840 4002; x_wconf 86' lang='lat' dir='ltr'><strong>ut</strong></span> <span class='ocrx_word' id='word_1_256' title='bbox 864 3943 1098 4006; x_wconf 87' lang='lat' dir='ltr'><strong>Andromedam</strong></span> <span class='ocrx_word' id='word_1_257' title='bbox 1127 3945 1211 4027; x_wconf 92' lang='lat' dir='ltr'><strong>apud</strong></span> <span class='ocrx_word' id='word_1_258' title='bbox 1231 3944 1356 4028; x_wconf 76' lang='lat' dir='ltr'><strong>tragicos</strong></span> 
     </span>
    </p>
   </div>
   <div class='ocr_carea' id='block_1_5' title="bbox 330 4042 1359 4138">
    <p class='ocr_par' dir='ltr' id='par_1_8' title="bbox 330 4042 1359 4138">
     <span class='ocr_line' id='line_1_35' title="bbox 330 4042 1359 4138; baseline -0.001 -26"><span class='ocrx_word' id='word_1_259' title='bbox 330 4059 441 4136; x_wconf 87' lang='lat' dir='ltr'><strong>poetas</strong></span> <span class='ocrx_word' id='word_1_260' title='bbox 469 4069 562 4136; x_wconf 85' lang='lat' dir='ltr'><strong>saepe</strong></span> <span class='ocrx_word' id='word_1_261' title='bbox 595 4048 720 4114; x_wconf 80' lang='lat' dir='ltr'><strong>obviam</strong></span> <span class='ocrx_word' id='word_1_262' title='bbox 757 4049 890 4114; x_wconf 84' lang='lat' dir='ltr'><strong>ridicule</strong></span> <span class='ocrx_word' id='word_1_263' title='bbox 926 4050 1136 4138; x_wconf 81' lang='lat' dir='ltr'><strong>imitarentur,</strong></span> <span class='ocrx_word' id='word_1_264' title='bbox 1157 4052 1271 4116; x_wconf 82' lang='lat' dir='ltr'><strong>docet</strong></span> <span class='ocrx_word' id='word_1_265' title='bbox 1299 4042 1359 4111; x_wconf 80' lang='lat' dir='ltr'><strong>Ari·</strong></span> 
     </span>
    </p>
   </div>
   <div class='ocr_carea' id='block_1_6' title="bbox 0 0 1448 4788">
    <p class='ocr_par' dir='ltr' id='par_1_9' title="bbox 0 0 1448 4788">
     <span class='ocr_line' id='line_1_36' title="bbox 0 0 1448 4788; baseline 0 0"><span class='ocrx_word' id='word_1_266' title='bbox 0 0 1448 4788; x_wconf 95' lang='lat' dir='ltr'><strong> </strong></span> 
     </span>
    </p>
   </div>
  </div>
 </body>
</html>
