2846 4788
457 387 700 468 ’.79-

74 580 108 638 A.
140 577 212 640 satis
247 579 361 642 idonea
392 579 612 652 contulerunt3
639 580 776 664 denique
805 600 840 641 er
861 582 959 642 verbo
979 576 1103 666 ἱστορεῖ

73 695 139 748 tota
160 687 377 748 controversia
396 687 563 748 dirimitur.
746 767 749 774 1

157 791 423 876 Ψηφίσματα.
468 795 642 879 Perperam
670 793 799 856 Cratino
819 793 972 855 tribuitur
992 795 1100 857 labala

76 899 167 960 huius
189 901 299 961 indicis
321 901 405 984 apud
426 903 712 985 Harpocrationem
732 926 761 963 v.
774 895 976 985 Ἀρκτεῦσαις
1001 903 1100 963 ratio-

76 1029 130 1067 nes
153 1009 293 1090 exposuit
312 1011 490 1068 Maussaeus
508 1010 540 1068 in
560 1009 649 1069 Ohss.
668 1009 746 1068 adl.
768 1031 795 1068 c.
810 1019 904 1091 atque
922 1009 1100 1084 Craterum,
1167 1001 1170 1008 ’

76 1112 166 1195 cuius
191 1113 384 1198 Ψηφίσματα
408 1137 501 1198 saepe
524 1113 704 1192 laudantur,
725 1115 757 1175 in
779 1115 901 1177 Cratini
924 1115 1031 1176 locum
1051 1136 1104 1176 re-

77 1220 187 1281 stituit.

161 1323 453 1389 Διδασκαλίαι,
494 1328 694 1412 Quamquam
714 1326 794 1389 haec
816 1325 923 1386 sabula
943 1327 1037 1408 vulgo
1052 1347 1105 1386 re·
1128 1299 1134 1352 3

80 1431 171 1514 liquis
195 1433 315 1494 Cratini
336 1433 455 1494 fabulis
470 1434 611 1516 genuinis
635 1444 872 1510 annumeratur,
899 1429 977 1494 mihi
999 1442 1106 1494 tamen

78 1549 223 1620 suspecta
242 1539 303 1599 iam
324 1539 443 1602 dudum
468 1549 537 1600 erat
560 1539 624 1600 eius
646 1539 828 1617 auctoritas,
852 1562 932 1623 quae
953 1561 1018 1600 uno
1037 1549 1109 1600 tan-

80 1652 149 1704 tum
165 1645 237 1706 loco
251 1645 368 1708 Suidae
390 1669 417 1707 v.
434 1637 631 1727 Ἀναρῦττειν
646 1645 757 1705 nititur
772 1655 814 1723 et,
829 1645 854 1704 si
870 1644 1108 1727 inscriptionem
1196 1707 1199 1714 ,

80 1761 213 1835 spectas,
243 1752 482 1834 grammaticum
512 1751 616 1834 potius
645 1773 735 1835 opus,
770 1751 803 1812 in
832 1773 896 1835 quo
919 1749 958 1812 de
980 1750 1107 1832 singulis

82 1857 182 1918 nostri
211 1842 334 1940 poetae
352 1856 525 1918 comoediis
548 1857 678 1920 notitiae
700 1867 868 1920 accuratae
889 1857 1108 1934 tradebantur,

80 1964 231 2026 redolere
251 1963 385 2022 videtur.
426 1961 632 2023 Nihilominus
653 1963 727 2025 huic
741 1965 946 2028 coniecturae
961 1985 1026 2025 non
1039 1974 1112 2026 tan-

82 2080 150 2130 tam
175 2068 271 2128 fidem
298 2067 408 2142 tribui,
436 2077 471 2128 ut
492 2079 664 2151 propterea
685 2071 825 2132 fabulam
846 2093 978 2132 numero
1000 2071 1112 2154 genui·-

82 2195 198 2234 narum
218 2170 429 2249 extruderem,
461 2193 533 2234 cum
558 2173 703 2236 Cratinus
725 2175 805 2254 lusu,
829 2177 1031 2257 nescioquo,
1054 2172 1113 2233 do-

78 2278 178 2339 cendi
207 2277 392 2366 methodum
421 2279 580 2362 quandam
607 2279 776 2345 traducere
796 2290 939 2364 poterat;
967 2279 1020 2340 cui
1041 2301 1112 2340 sen·
1203 2341 1205 2347 ,

80 2384 202 2445 tentiae
224 2405 328 2444 versus
350 2395 517 2469 corruptus
539 2387 624 2471 apud
646 2385 775 2447 Suidam
796 2395 935 2448 servatus
956 2407 1021 2447 non
1044 2405 1113 2446 om-

82 2491 161 2552 nino
193 2500 357 2573 repugnat.
405 2493 492 2554 Certi
521 2494 640 2578 aliquid
659 2495 863 2586 ,constituere
894 2492 1114 2556 difficillimum

83 2607 144 2673 cst,
172 2595 235 2658 hoc
255 2598 351 2683 igitur
372 2597 444 2661 loeo
464 2601 610 2686 ambigua
636 2611 764 2663 maneat
793 2598 887 2662 huius
907 2600 1035 2664 fabulae
1058 2622 1115 2662 au-

83 2705 226 2767 ctoritas.

454 2893 732 2912 unu-*q

169 3007 294 3087 Causas,
326 3011 440 3094 quihus
465 3012 583 3072 factum
607 3021 664 3090 est,
685 3022 721 3072 ut
743 3010 864 3072 Cratini
884 3007 1013 3070 fabulae
1030 3015 1112 3067 tem-

85 3133 203 3196 porum
222 3115 337 3177 iniuria
357 3125 523 3200 tantopere
545 3118 689 3194 affectae,
719 3125 921 3199 praematura
940 3124 1042 3179 morte
1066 3114 1112 3174 in·

85 3220 243 3299 terierint
273 3222 339 3282 sine
369 3223 553 3284 coniectura
580 3222 707 3284 omnino
742 3221 944 3303 assequimur,
976 3222 1001 3280 si
1022 3221 1113 3309 nohis

86 3347 272 3410 persuasum
300 3327 463 3406 habemus,
493 3338 643 3412 quantam
670 3327 733 3387 vim
761 3327 903 3408 posuerit
933 3325 965 3386 in
986 3327 1112 3408 siugulis

86 3433 137 3493 sui
167 3433 317 3518 temporis
346 3435 487 3516 personis
520 3444 553 3496 et
580 3435 675 3495 rebus
697 3432 788 3517 gestis
811 3432 969 3494 subtiliter
993 3431 1114 3498 descri7

87 3538 212 3617 bondis,
241 3561 323 3622 quae
351 3550 473 3621 postea,
494 3541 688 3624 temporibus
709 3539 845 3616 mutatis,
867 3539 951 3621 ipsae
973 3546 1112 3598 mutatae

89 3645 219 3708 lecturis
248 3646 360 3707 multas
392 3645 591 3707 difficultates
612 3665 741 3706 movere
764 3645 901 3728 ideoque
927 3643 1113 3704 delectatio-
1149 3627 1151 3634 Ι

90 3773 175 3829 nem,
190 3775 252 3835 qua
274 3751 361 3814 docti
375 3752 570 3835 grammatici
583 3761 670 3813 certe
685 3751 913 3827 afficiebantur,
929 3751 1113 3812 deminuere

88 3867 248 3940 poterant.
300 3861 409 3944 ltaque
437 3869 614 3920 memoratu
637 3859 764 3943 dignum
785 3869 841 3936 est,
863 3858 950 3942 quod
970 3858 1002 3918 in
1024 3856 1114 3917 dida-
1216 3914 1218 3916 .

1 4039 2 4042 Ἴ
86 3965 191 4026 scaliis
212 3965 450 4026 comoediarum
469 3965 684 4050 Aristophanis
705 3967 834 4051 antiquo
849 3963 1019 4027 admodum
1031 3973 1114 4024 tern-

87 4093 170 4152 pore
200 4073 380 4156 compositis
401 4071 549 4152 traditur,
571 4072 710 4136 fabulam
730 4073 861 4150 Cratini,
891 4093 972 4156 quae
992 4071 1114 4150 Χαμα-
