2846 4788
458 401 702 471 ...59-

144 586 266 648 Cratini
288 587 326 649 X
331 586 510 668 εἴρωνες.
552 582 642 642 Hanc
659 583 849 666 scripturam
869 585 962 648 unice
982 607 1091 650 reram

55 715 139 771 esse,
168 693 316 756 codicum
344 691 514 754 auctoritas
541 689 658 774 probat
691 689 723 750 in
750 689 854 751 multis
882 690 958 753 locis
989 695 1090 772 (Suid.
1153 739 1160 752 .
1235 699 1239 706 '

53 799 299 875 Πανδελετεώυς
324 795 450 882 γνώμας
479 807 512 859 et
525 791 771 876 Ῥαδαμάνθνος
795 789 898 880 ὅρκος.
919 799 1089 882 Hephaest.

51 907 190 971 Enchir.
219 930 251 989 Ρ.
282 929 330 986 ²7·
360 925 388 968 a.
418 904 552 988 Hesych.
583 900 800 988 ΑιΙτοφόρτοι.
830 904 937 970 Sehol.
968 905 1008 966 ad
1033 907 1092 967 So-

50 1013 165 1096 phool.
187 1011 269 1072 Oecl.
293 1011 403 1072 Colon.
424 1030 500 1094 477··
535 1009 628 1073 Phot.
650 1013 721 1074 Lex.
744 1005 959 1096 Οὐρανία-αἶξ.
975 1007 1089 1074 Athen.

50 1122 129 1188 XII.
167 1122 233 1182 ⁵53.
261 1117 385 1180 Beklier
410 1117 529 1180 Auecd.
553 1119 608 1178 Gr.
630 1142 663 1204 p.
685 1121 754 1190 333.
781 1122 828 1184 15.
850 1109 936 1180 Polli
953 1121 994 1180 Χ.
1020 1123 1089 1183 186.

50 1226 134 1300 cet.)
160 1232 193 1284 et
213 1209 443 1307 argumentump
464 1223 550 1308 quod
570 1223 657 1286 haud
677 1225 772 1288 dubie
790 1247 807 1288 e
822 1225 967 1288 Chironis
983 1226 1090 1287 fabula

50 1331 303 1392 celebratissima
331 1331 508 1393 desumtum
534 1340 611 1394 erat.
654 1331 811 1417 Xat'pwrec
837 1334 869 1394 in
894 1342 1002 1395 nostra
1027 1354 1088 1393 co-

49 1436 183 1498 moedia
213 1448 503 1500 commemorantur
531 1439 714 1522 (Hephaest.
741 1441 875 1509 Euchir.
902 1463 935 1524 p.
969 1463 1017 1524 17.
1047 1441 1089 1516 1.)

50 1554 150 1627 atquc
174 1565 286 1606 vocem
308 1539 467 1626 ὕποθὴκαι
488 1543 520 1622 (Ι.
543 1565 569 1606 o.
593 1555 625 1607 et
646 1547 790 1630 interpr.)
813 1547 854 1608 ad
875 1541 964 1631 opus,
1002 1546 1090 1630 quod

49 1643 114 1712 suli
146 1649 290 1712 Chironis
322 1652 451 1713 nomine
481 1648 766 1715 circumferebatur
795 1664 949 1736 spectare,
982 1654 1089 1716 multis

48 1767 199 1837 veterum
226 1757 303 1819 locis
330 1759 546 1848 confirmatur.
597 1762 759 1822 Aeonrate
775 1759 814 1822 tle
837 1759 898 1820 hac
922 1781 958 1821 re
981 1759 1090 1842 dispu-

47 1863 132 1926 tavit
154 1864 200 1924 Cl.
220 1863 422 1926 Heinrichius
456 1865 489 1925 in
512 1865 636 1950 egregia
657 1867 924 1928 commentatione
944 1865 983 1929 de
1004 1865 1094 1930 Phe-¹

48 1969 185 2032 recretis
215 1969 357 2030 dramate
385 1966 513 2052 Χειρων
545 1963 566 2050 ἢ
602 1973 721 2054 Αγριοι
734 1972 774 2054 ⁴).
822 1973 962 2042 Fabulae
994 1997 1093 2059 argu-¹
1121 1995 1124 2000 ·

47 2085 209 2150 mentum,
240 2072 329 2157 quod
359 2093 395 2134 ex
418 2075 600 2155 fragmentis
623 2087 771 2137 accurate
794 2080 863 2138 erui
885 2089 1000 2162 potest,
1024 2081 1088 2141 hoc

44 2184 126 2244 loco
157 2179 251 2262 longa
280 2177 493 2261 disputatione
522 2178 715 2240 enucleatius
751 2203 918 2262 exponere,
951 2185 1088 2246 alionum

48 2297 102 2351 est
123 2287 162 2348 ab
182 2284 275 2346 buius
296 2284 570 2346 commentationis
593 2284 748 2346 oonsilioa
777 2285 864 2348 Haec
887 2287 984 2370 igitur
1000 2313 1087 2354 nuno
1202 2359 1204 2365 ,

48 2393 183 2480 quidem
206 2393 312 2456 obiter
336 2393 493 2477 disputata
515 2393 619 2456 sunto.

135 2499 301 2564 Cratinum
319 2499 352 2562 in
373 2501 468 2562 Pluto
493 2500 617 2584 priscae
638 2499 805 2564 felicitatis·
818 2503 986 2589 imaginem
999 2504 1089 2566 ioco-

47 2633 118 2671 sam
140 2608 312 2692 depinxisse
335 2617 430 2690 atque
452 2607 609 2669 luxuriose
620 2607 747 2670 vivendi
762 2631 867 2674 mores
888 2610 1088 2699 descripsisse

49 2715 203 2776 nonnulla
238 2717 416 2800 fragmenta
445 2721 613 2793 testantur,
646 2729 783 2800 quorum
807 2737 905 2780 unum
928 2719 991 2780 hoc
1014 2717 1087 2778 loco

49 2825 233 2908 apposuisse
254 2823 406 2900 suffioiats

131 3009 173 3023 —-
193 3009 235 3024 -·
256 2965 302 3050 οἷς
327 2975 365 3056 cli]
386 2974 535 3057 βασιλεῦς
559 2968 686 3059 Κρόνος
708 2961 747 3055 ἦν
764 2965 800 3034 ab
824 2975 967 3050 παλαιὸν,

132 3071 183 3140 ὅτε
208 3087 274 3154 τοῖς
303 3071 409 3164 ἄρτοις
438 3073 672 3164 η’ςτραγὰλικον,
694 3079 792 3158 μᾶζαι
813 3079 843 3140 cl’
865 3076 899 3142 ἓν
918 3079 1004 3142 iuius
1024 3105 1085 3143 no.
1130 3149 1144 3162 ¹

694 3183 856 3267 λαίστραις

132 3289 295 3374 Αἰγιναῖαι
312 3267 543 3372 κατεβέβλῇπο,
562 3283 727 3376 spuma,
745 3285 872 3372 ὄβόλοις
886 3317 919 3356 τε
933 3295 1095 3374 κομῶσαι.

46 3448 170 3509 Locum
198 3443 289 3504 hausi
321 3465 356 3506 ex
388 3444 550 3510 Athenaeo
572 3446 626 3528 Vl.
648 3468 680 3529 p.
706 3449 775 3527 267.
796 3446 848 3518 F..;
890 3447 923 3507 in
944 3447 1086 3508 versibus

49 3551 255 3635 anapaesticis
277 3551 451 3616 scribendis
474 3562 599 3639 secutus
621 3575 689 3614 sum
709 3552 879 3642 Toupium‚
897 3553 950 3636 qui
970 3575 1085 3636 magno

49 3681 124 3724 cum
133 3653 292 3726 'acumine
315 3681 370 3724 eos
394 3660 573 3744 emendavit
595 3659 627 3720 in
646 3659 766 3743 Opusc.
781 3659 850 3721 crit.
863 3661 901 3720 T.
912 3661 950 3753 11.
968 3679 1001 3744 Ρ.
1018 3666 1085 3724 106.

117 4013 145 4084 *)
161 4013 365 4071 Demonstratio
395 4029 422 4069 et
441 4016 576 4070 restitutio
594 4016 649 4071 loci
667 4015 789 4089 corrupti
808 4035 822 4068 c
838 4013 962 4070 Platonis
979 4013 1082 4068 Prota-1

48 4127 123 4179 gera.
159 4109 254 4166 Kiliac·
275 4112 351 4168 1813.
371 4117 398 4178 4.
418 4127 447 4182 p.
466 4128 509 4165 ar.
528 4127 590 4181 sqq.
