2846 4788
475 365 717 432 ...87-

83 547 176 608 fuisse
198 543 333 626 negabat
351 540 545 606 doctissimas
566 542 619 606 ille
643 552 675 604 ct
694 541 904 626 plurimarum
926 536 1109 620 disciplina-

83 675 157 714 rum
178 650 360 736 cognitione
381 649 512 712 maxime
533 648 649 710 tinctus
671 645 902 731 grammaticus,
922 643 1110 706 Eratosthe-

83 781 150 838 nes,
171 768 306 822 testante
331 753 486 818 Cicerone
508 758 579 856 (ep.⁴
600 753 641 817 ad
661 753 801 817 Atticum
811 751 865 814 Vl.
883 751 942 830 n),
959 751 1025 834 qui,
1039 771 1112 812 cum

83 867 126 926 de
154 865 266 928 erratis
295 863 328 924 in
357 862 488 924 historia
517 861 747 936 communibus,
778 867 931 943 quatenus
951 855 1113 940 publicam
1209 917 1213 944 ‚

85 972 125 1034 de
146 993 255 1032 rerum
276 981 391 1034 eventu
413 970 596 1054 opinionem
617 967 777 1030 interdum
797 973 923 1028 servant
944 972 977 1025 et
995 983 1115 1045 propa-

85 1089 172 1163 gant,
194 1077 342 1162 disputat,
364 1080 463 1162 iisque
481 1080 620 1140 Graecos
638 1099 703 1139 non
719 1077 856 1139 caruisse
877 1076 1024 1160 exemplis
1038 1097 1117 1158 pro-

87 1187 166 1246 bare
188 1185 303 1264 studet,
324 1186 386 1248 hoc
407 1186 528 1248 illustre
553 1183 768 1246 testimonium
786 1185 953 1246 nobiscnm
973 1203 1118 1245 commu-

88 1293 194 1354 nicat:
216 1295 290 1376 Quis
310 1296 389 1354 euim
410 1293 728 1376 noudrlritssupolim
747 1292 816 1354 riu
835 1291 909 1372 τῆς
930 1283 1127 1374 ἀρχαίας

89 1401 133 1462 ab
153 1400 311 1476 Alcibiade
332 1401 494 1482 navigante
518 1405 551 1462 iu
568 1400 706 1462 Siciliam
725 1400 871 1462 deiectum
886 1421 947 1460 esse
961 1401 994 1460 in
1009 1398 1119 1458 utare?

90 1507 263 1588 Redarguit
292 1507 524 1570 Eratosthenes.-
562 1507 663 1588 affin
691 1509 780 1583 erum,
809 1527 887 1589 quas
915 1505 963 1566 ille
991 1517 1059 1588 post
1087 1502 1123 1564 id

91 1629 206 1696 tempus
215 1613 349 1694 fabulas
364 1613 511 1676 docuerit.
542 1613 623 1673 luam
639 1613 754 1686 idcirco
770 1614 865 1672 Duris
882 1612 1014 1687 Samum,
1033 1613 1122 1670 izorio

93 1724 126 1780 iu
146 1722 278 1782 butorus
305 1719 442 1800 diligens,
471 1719 640 1802 quodcum
659 1719 758 1780 meua
778 1719 909 1793 erravit,
927 1717 1122 1776 irridetur?“

94 1829 201 1904 Quam
235 1825 328 1886 tritus
357 1826 456 1887 fuerit
485 1846 578 1886 error
605 1824 637 1885 in
670 1824 731 1884 hac
754 1822 937 1884 narratione
959 1820 1123 1900 servanda,

93 1957 113 1994 e
137 1933 293 1993 Cicerone
316 1930 436 2012 optime
457 1931 607 2012 colligere
629 1930 1126 2014 possumus,neque1mirandum

96 2059 163 2100 esse
196 2036 347 2111 existimo,
375 2036 461 2118 quod
489 2046 603 2116 poetae
625 2045 658 2095 et
677 2035 875 2118 grammatici
897 2037 930 2097 in
952 2038 1013 2098 hac
1034 2037 1128 2098 sabu-

96 2143 164 2200 losa
183 2150 286 2201 morte
309 2140 552 2224 epigrammatis,
576 2141 689 2224 quibus
710 2141 798 2202 locus
820 2165 915 2225 supra
935 2142 1047 2202 allatus
1068 2163 1128 2223 po-

93 2255 158 2307 test
189 2245 391 2310 adnumerari
421 2247 551 2330 aliisque
571 2247 726 2332 poematis
748 2247 957 2310 describenda
978 2246 1131 2328 varieque

99 2352 279 2416 exornanda
310 2353 369 2414 sibi
402 2353 573 2416 admodum
594 2353 784 2438 placuerint.
827 2355 897 2416 Nou
916 2352 1002 2414 facio
1022 2362 1130 2413 tamen

98 2483 173 2522 cum
193 2460 429 2544 interpretibus,
451 2462 504 2546 qui
527 2461 612 2545 apud
635 2461 786 2524 Ovidium
806 2461 839 2522 in
854 2461 908 2522 lbi
932 2464 990 2544 527
1014 2468 1047 2522 et
1072 2464 1157 2542 693*

98 2566 293 2631 mentionem
315 2567 384 2628 fieri
405 2566 570 2650 Eupolidis
590 2567 799 2645 arbitrantur,
822 2589 896 2630 cum
917 2566 1003 2630 canit
1016 2577 1130 2652 poeta:

183 2674 269 2736 Utve
289 2671 376 2758 lyrae
398 2683 484 2736 vates
504 2675 608 2736 fertur
624 2673 755 2756 periisse
778 2693 908 2737 severae

221 2781 323 2842 Causa
344 2781 385 2843 sit
406 2781 489 2848 exitii
512 2780 639 2843 dextera
660 2780 749 2843 laeva
769 2780 828 2843 tui.

103 2898 137 2950 et
154 2887 249 2970 paulo
271 2888 421 2950 inferius:
483 2871 492 2890 '

185 2994 332 3057 Comicus
349 3004 385 3057 ut
406 2995 516 3058 mediis
538 2995 644 3078 periit,
667 2994 743 3055 dum
764 2993 861 3056 nabat
881 2992 913 3052 in
939 2991 1031 3053 undis

223 3103 265 3164 Et
285 3113 340 3164 tua
362 3103 406 3164 sic
428 3101 573 3187 Stychius
596 3101 771 3182 strangulat
791 3120 846 3159 ara
867 3098 982 3180 liquor.

102 3210 165 3270 Res
188 3207 273 3270 enim
298 3208 339 3269 ad
359 3208 516 3292 liquidnm
532 3206 667 3290 perduci
684 3205 804 3289 nequit,
826 3227 899 3266 cum
914 3205 1007 3267 multi
1021 3215 1136 3290 poetae

102 3297 261 3378 submersi
281 3314 423 3378 interisse
447 3314 677 3400 perhibeantur
690 3315 789 3376 ueluti
802 3315 989 3395 Menander,
1004 3317 1137 3386 Sotades

102 3421 234 3500 (Athen.
266 3422 352 3484 XIV.
379 3444 412 3505 p.
443 3425 528 3500 (irs.)
553 3421 617 3500 alii,
637 3443 694 3484 nos
714 3443 791 3485 vero
813 3423 1001 3502 nesciamus,
1024 3443 1135 3506 quem-

104 3551 180 3590 nam
201 3527 351 3611 respiciat
372 3528 524 3595 Ovidius„

177 3633 447 3697 'Narratiunculae
476 3633 657 3698 huiusmodi
687 3657 706 3696 a
733 3633 973 3718 quibuscunque
995 3642 1139 3696 exaratae

105 3742 211 3824 primo
235 3740 339 3802 statim
361 3741 475 3803 obtutu
496 3743 544 3805 rei
566 3742 722 3826 integram
745 3741 840 3803 fidem
861 3751 1040 3824 suspectam
1064 3739 1139 3802 red-

107 3848 199 3924 dunt,
221 3848 355 3911 maxime
376 3869 449 3911 cum
470 3849 502 3910 in
521 3847 582 3910 hac
602 3860 709 3911 nostra
733 3847 999 3911 commentatione
1014 3869 1140 3910 comoe-

107 3955 180 4016 diae
203 3956 350 4038 antiquae
371 3956 473 4018 libera
494 3956 687 4032 constitutio,
713 3955 868 4019 effrenata
886 3954 1013 4016 licentia
1028 3964 1060 4015 et
1072 3954 1141 4013 ani-

108 4083 179 4124 mus
209 4063 500 4147 potentissimorum
535 4063 744 4142 Graecorum,
790 4061 844 4147 qui
886 4060 977 4126 sicuti
1010 4060 1140 4128 Periclis
