<?xml version="1.0" encoding="UTF-8"?>
<!DOCTYPE html PUBLIC "-//W3C//DTD XHTML 1.0 Transitional//EN"
    "http://www.w3.org/TR/xhtml1/DTD/xhtml1-transitional.dtd">
<html xmlns="http://www.w3.org/1999/xhtml" xml:lang="en" lang="en">
 <head>
  <title>
</title>
<meta http-equiv="Content-Type" content="text/html;charset=utf-8" />
  <meta name='ocr-system' content='tesseract 3.04.00' />
  <meta name='ocr-capabilities' content='ocr_page ocr_carea ocr_par ocr_line ocrx_word'/>
</head>
<body>
  <div class='ocr_page' id='page_1' title='image "./cratinuseteupol00lucagoog_0047.png"; bbox 0 0 2814 4784; ppageno 0'>
   <div class='ocr_carea' id='block_1_1' title="bbox 707 322 949 392">
    <p class='ocr_par' dir='ltr' id='par_1_1' title="bbox 707 322 949 392">
     <span class='ocr_line' id='line_1_1' title="bbox 707 322 949 392; baseline -0.008 -24"><span class='ocrx_word' id='word_1_1' title='bbox 707 322 949 392; x_wconf 73' lang='lat'>..36-</span> 
     </span>
    </p>
   </div>
   <div class='ocr_carea' id='block_1_2' title="bbox 312 503 1365 3463">
    <p class='ocr_par' dir='ltr' id='par_1_2' title="bbox 312 503 1365 2610">
     <span class='ocr_line' id='line_1_2' title="bbox 315 503 1365 596; baseline -0.013 -20"><span class='ocrx_word' id='word_1_2' title='bbox 315 511 412 576; x_wconf 83' lang='lat' dir='ltr'><strong>Suida</strong></span> <span class='ocrx_word' id='word_1_3' title='bbox 441 521 520 574; x_wconf 77' lang='lat' dir='ltr'><strong>teste</strong></span> <span class='ocrx_word' id='word_1_4' title='bbox 544 511 575 572; x_wconf 85' lang='lat' dir='ltr'><strong>id</strong></span> <span class='ocrx_word' id='word_1_5' title='bbox 595 510 680 596; x_wconf 88' lang='lat' dir='ltr'><strong>quod</strong></span> <span class='ocrx_word' id='word_1_6' title='bbox 703 511 859 574; x_wconf 80' lang='grc' dir='ltr'><em>Φλασκων</em></span> <span class='ocrx_word' id='word_1_7' title='bbox 880 508 975 592; x_wconf 76' lang='lat' dir='ltr'><strong>igitar</strong></span> <span class='ocrx_word' id='word_1_8' title='bbox 997 525 1049 566; x_wconf 83' lang='lat' dir='ltr'><strong>vas</strong></span> <span class='ocrx_word' id='word_1_9' title='bbox 1070 505 1220 590; x_wconf 76' lang='lat' dir='ltr'><strong>p&#39;nariam</strong></span> <span class='ocrx_word' id='word_1_10' title='bbox 1242 503 1365 564; x_wconf 84' lang='lat' dir='ltr'><strong>iuncis</strong></span> 
     </span>
     <span class='ocr_line' id='line_1_3' title="bbox 313 613 1365 701; baseline -0.013 -19"><span class='ocrx_word' id='word_1_11' title='bbox 313 631 345 682; x_wconf 88' lang='lat' dir='ltr'><strong>et</strong></span> <span class='ocrx_word' id='word_1_12' title='bbox 379 620 493 679; x_wconf 86' lang='lat' dir='ltr'><strong>vimine</strong></span> <span class='ocrx_word' id='word_1_13' title='bbox 523 617 656 680; x_wconf 87' lang='lat' dir='ltr'><strong>firmiter</strong></span> <span class='ocrx_word' id='word_1_14' title='bbox 684 617 808 701; x_wconf 85' lang='lat' dir='ltr'><strong>plexum</strong></span> <span class='ocrx_word' id='word_1_15' title='bbox 837 626 869 678; x_wconf 90' lang='lat' dir='ltr'><strong>et</strong></span> <span class='ocrx_word' id='word_1_16' title='bbox 899 615 970 698; x_wconf 86' lang='lat' dir='ltr'><strong>pice</strong></span> <span class='ocrx_word' id='word_1_17' title='bbox 997 613 1110 673; x_wconf 90' lang='lat' dir='ltr'><strong>illitum</strong></span> <span class='ocrx_word' id='word_1_18' title='bbox 1140 615 1365 694; x_wconf 70' lang='lat' dir='ltr'><strong>(aptamquurn</strong></span> 
     </span>
     <span class='ocr_line' id='line_1_4' title="bbox 314 716 1362 808; baseline -0.011 -23"><span class='ocrx_word' id='word_1_19' title='bbox 314 747 407 808; x_wconf 85' lang='lat' dir='ltr'><strong>saepe</strong></span> <span class='ocrx_word' id='word_1_20' title='bbox 439 724 499 785; x_wconf 89' lang='lat' dir='ltr'><strong>alia</strong></span> <span class='ocrx_word' id='word_1_21' title='bbox 520 725 644 786; x_wconf 87' lang='lat' dir='ltr'><strong>ratione</strong></span> <span class='ocrx_word' id='word_1_22' title='bbox 665 724 837 806; x_wconf 83' lang='lat' dir='ltr'><strong>expositum</strong></span> <span class='ocrx_word' id='word_1_23' title='bbox 859 731 905 782; x_wconf 92' lang='lat' dir='ltr'><strong>est</strong></span> <span class='ocrx_word' id='word_1_24' title='bbox 929 743 946 780; x_wconf 89' lang='lat' dir='ltr'><strong>a</strong></span> <span class='ocrx_word' id='word_1_25' title='bbox 968 719 1041 780; x_wconf 88' lang='lat' dir='ltr'><strong>viris</strong></span> <span class='ocrx_word' id='word_1_26' title='bbox 1065 716 1186 792; x_wconf 90' lang='lat' dir='ltr'><strong>doctis).</strong></span> <span class='ocrx_word' id='word_1_27' title='bbox 1241 719 1362 778; x_wconf 85' lang='grc' dir='ltr'><em>Πυτι.</em></span> 
     </span>
     <span class='ocr_line' id='line_1_5' title="bbox 314 821 1361 912; baseline -0.013 -19"><span class='ocrx_word' id='word_1_28' title='bbox 314 827 467 904; x_wconf 74' lang='grc' dir='ltr'><strong><em>νοπλόκος</em></strong></span> <span class='ocrx_word' id='word_1_29' title='bbox 487 841 534 892; x_wconf 90' lang='lat' dir='ltr'><strong>cst</strong></span> <span class='ocrx_word' id='word_1_30' title='bbox 555 831 636 906; x_wconf 87' lang='lat' dir='ltr'><strong>talis,</strong></span> <span class='ocrx_word' id='word_1_31' title='bbox 661 831 714 912; x_wconf 90' lang='lat' dir='ltr'><strong>qui</strong></span> <span class='ocrx_word' id='word_1_32' title='bbox 739 828 881 890; x_wconf 87' lang='lat' dir='ltr'><strong>vimineis</strong></span> <span class='ocrx_word' id='word_1_33' title='bbox 905 825 982 887; x_wconf 83' lang='lat' dir='ltr'><strong>vasis</strong></span> <span class='ocrx_word' id='word_1_34' title='bbox 998 823 1137 886; x_wconf 82' lang='lat' dir='ltr'><strong>texendis</strong></span> <span class='ocrx_word' id='word_1_35' title='bbox 1153 822 1278 882; x_wconf 89' lang='lat' dir='ltr'><strong>victum</strong></span> <span class='ocrx_word' id='word_1_36' title='bbox 1291 821 1361 880; x_wconf 88' lang='lat' dir='ltr'><strong>sibi</strong></span> 
     </span>
     <span class='ocr_line' id='line_1_6' title="bbox 313 913 1359 1020; baseline -0.01 -24"><span class='ocrx_word' id='word_1_37' title='bbox 313 939 449 1020; x_wconf 64' lang='lat' dir='ltr'><strong>paruerit,</strong></span> <span class='ocrx_word' id='word_1_38' title='bbox 471 937 570 1020; x_wconf 87' lang='lat' dir='ltr'><strong>qualis</strong></span> <span class='ocrx_word' id='word_1_39' title='bbox 592 935 774 1018; x_wconf 86' lang='lat' dir='ltr'><strong>Diitrephes</strong></span> <span class='ocrx_word' id='word_1_40' title='bbox 795 917 973 994; x_wconf 84' lang='lat' dir='ltr'><strong>traducitur</strong></span> <span class='ocrx_word' id='word_1_41' title='bbox 991 913 1028 990; x_wconf 86' lang='lat' dir='ltr'><strong>iu¹</strong></span> <span class='ocrx_word' id='word_1_42' title='bbox 1038 927 1254 1011; x_wconf 89' lang='lat' dir='ltr'><strong>Aristophanis</strong></span> <span class='ocrx_word' id='word_1_43' title='bbox 1274 929 1359 988; x_wconf 88' lang='lat' dir='ltr'><strong>Avi-</strong></span> 
     </span>
     <span class='ocr_line' id='line_1_7' title="bbox 312 1033 1357 1126; baseline -0.011 -22"><span class='ocrx_word' id='word_1_44' title='bbox 312 1044 371 1104; x_wconf 88' lang='lat' dir='ltr'><strong>bus</strong></span> <span class='ocrx_word' id='word_1_45' title='bbox 404 1065 498 1126; x_wconf 85' lang='lat'><strong>799.;</strong></span> <span class='ocrx_word' id='word_1_46' title='bbox 523 1041 639 1102; x_wconf 89' lang='lat' dir='ltr'><strong>dieitur</strong></span> <span class='ocrx_word' id='word_1_47' title='bbox 669 1043 753 1100; x_wconf 87' lang='lat' dir='ltr'><strong>enim</strong></span> <span class='ocrx_word' id='word_1_48' title='bbox 781 1035 909 1112; x_wconf 79' lang='grc' dir='ltr'><strong><em>πυτίνιις</em></strong></span> <span class='ocrx_word' id='word_1_49' title='bbox 938 1033 1059 1098; x_wconf 78' lang='grc' dir='ltr'><em>πλέκειν</em></span> <span class='ocrx_word' id='word_1_50' title='bbox 1082 1034 1188 1112; x_wconf 89' lang='lat' dir='ltr'><strong>(Schol</strong></span> <span class='ocrx_word' id='word_1_51' title='bbox 1211 1033 1253 1094; x_wconf 88' lang='lat' dir='ltr'><strong>ad</strong></span> <span class='ocrx_word' id='word_1_52' title='bbox 1276 1035 1357 1094; x_wconf 85' lang='lat' dir='ltr'><strong>Ari-</strong></span> 
     </span>
     <span class='ocr_line' id='line_1_8' title="bbox 316 1141 1355 1231; baseline -0.007 -22"><span class='ocrx_word' id='word_1_53' title='bbox 316 1148 420 1231; x_wconf 87' lang='lat' dir='ltr'><strong>stopb.</strong></span> <span class='ocrx_word' id='word_1_54' title='bbox 453 1149 473 1208; x_wconf 92' lang='lat' dir='ltr'><strong>l.</strong></span> <span class='ocrx_word' id='word_1_55' title='bbox 504 1153 555 1224; x_wconf 89' lang='lat' dir='ltr'><strong>c.).</strong></span> <span class='ocrx_word' id='word_1_56' title='bbox 606 1147 756 1207; x_wconf 90' lang='lat' dir='ltr'><strong>Ceterum</strong></span> <span class='ocrx_word' id='word_1_57' title='bbox 785 1145 824 1207; x_wconf 89' lang='lat' dir='ltr'><strong>de</strong></span> <span class='ocrx_word' id='word_1_58' title='bbox 853 1145 1008 1204; x_wconf 88' lang='lat' dir='ltr'><strong>vocabulo</strong></span> <span class='ocrx_word' id='word_1_59' title='bbox 1029 1142 1140 1222; x_wconf 79' lang='grc' dir='ltr'><strong><em>πυτίνη</em></strong></span> <span class='ocrx_word' id='word_1_60' title='bbox 1161 1141 1258 1201; x_wconf 90' lang='lat' dir='ltr'><strong>fusius</strong></span> <span class='ocrx_word' id='word_1_61' title='bbox 1287 1141 1355 1202; x_wconf 91' lang='lat' dir='ltr'><strong>dis-</strong></span> 
     </span>
     <span class='ocr_line' id='line_1_9' title="bbox 315 1249 1352 1337; baseline -0.006 -23"><span class='ocrx_word' id='word_1_62' title='bbox 315 1265 470 1337; x_wconf 88' lang='lat' dir='ltr'><strong>putarunt</strong></span> <span class='ocrx_word' id='word_1_63' title='bbox 511 1255 698 1336; x_wconf 81' lang='lat' dir='ltr'><strong>interpretes</strong></span> <span class='ocrx_word' id='word_1_64' title='bbox 731 1252 772 1312; x_wconf 91' lang='lat' dir='ltr'><strong>ad</strong></span> <span class='ocrx_word' id='word_1_65' title='bbox 800 1252 857 1313; x_wconf 88' lang='lat' dir='ltr'><strong>lul.</strong></span> <span class='ocrx_word' id='word_1_66' title='bbox 883 1251 962 1312; x_wconf 92' lang='lat' dir='ltr'><strong>Poll.</strong></span> <span class='ocrx_word' id='word_1_67' title='bbox 994 1251 1108 1312; x_wconf 90' lang='lat' dir='ltr'><strong>Onom.</strong></span> <span class='ocrx_word' id='word_1_68' title='bbox 1138 1250 1178 1310; x_wconf 89' lang='lat' dir='ltr'><strong>X.</strong></span> <span class='ocrx_word' id='word_1_69' title='bbox 1210 1251 1260 1312; x_wconf 81' lang='lat'><strong>58.</strong></span> <span class='ocrx_word' id='word_1_70' title='bbox 1298 1249 1352 1329; x_wconf 80' lang='lat' dir='ltr'><strong>ed</strong></span> 
     </span>
     <span class='ocr_line' id='line_1_10' title="bbox 319 1356 1349 1432; baseline -0.005 -12"><span class='ocrx_word' id='word_1_71' title='bbox 319 1359 497 1422; x_wconf 86' lang='lat' dir='ltr'><strong>Hemsterb.</strong></span> <span class='ocrx_word' id='word_1_72' title='bbox 531 1359 571 1419; x_wconf 90' lang='lat' dir='ltr'><strong>ad</strong></span> <span class='ocrx_word' id='word_1_73' title='bbox 603 1359 755 1421; x_wconf 88' lang='lat' dir='ltr'><strong>Clement.</strong></span> <span class='ocrx_word' id='word_1_74' title='bbox 783 1359 947 1420; x_wconf 82' lang='lat' dir='ltr'><strong>Alexandr.</strong></span> <span class='ocrx_word' id='word_1_75' title='bbox 977 1357 1092 1417; x_wconf 87' lang='lat' dir='ltr'><strong>Strom.</strong></span> <span class='ocrx_word' id='word_1_76' title='bbox 1123 1359 1193 1430; x_wconf 76' lang='lat'><strong>265,</strong></span> <span class='ocrx_word' id='word_1_77' title='bbox 1220 1358 1270 1432; x_wconf 76' lang='lat'><strong>48.</strong></span> <span class='ocrx_word' id='word_1_78' title='bbox 1300 1356 1349 1416; x_wconf 89' lang='lat' dir='ltr'><strong>ed.</strong></span> 
     </span>
     <span class='ocr_line' id='line_1_11' title="bbox 316 1457 1350 1548; baseline -0.003 -24"><span class='ocrx_word' id='word_1_79' title='bbox 316 1466 402 1548; x_wconf 82' lang='lat' dir='ltr'><strong>syth.</strong></span> <span class='ocrx_word' id='word_1_80' title='bbox 426 1475 458 1526; x_wconf 87' lang='lat' dir='ltr'><strong>et</strong></span> <span class='ocrx_word' id='word_1_81' title='bbox 479 1464 519 1524; x_wconf 89' lang='lat' dir='ltr'><strong>ad</strong></span> <span class='ocrx_word' id='word_1_82' title='bbox 539 1465 651 1526; x_wconf 88' lang='lat' dir='ltr'><strong>Athen.</strong></span> <span class='ocrx_word' id='word_1_83' title='bbox 677 1466 730 1525; x_wconf 93' lang='lat' dir='ltr'><strong>Ill.</strong></span> <span class='ocrx_word' id='word_1_84' title='bbox 752 1487 784 1548; x_wconf 87' lang='lat' dir='ltr'><strong>p.</strong></span> <span class='ocrx_word' id='word_1_85' title='bbox 806 1483 855 1546; x_wconf 77' lang='lat'><strong>94.</strong></span> <span class='ocrx_word' id='word_1_86' title='bbox 876 1457 915 1524; x_wconf 65' lang='lat' dir='ltr'><strong>F)</strong></span> <span class='ocrx_word' id='word_1_87' title='bbox 952 1461 1163 1545; x_wconf 83' lang='lat' dir='ltr'><strong>Expliculmus</strong></span> <span class='ocrx_word' id='word_1_88' title='bbox 1182 1483 1278 1544; x_wconf 88' lang='lat' dir='ltr'><strong>supra</strong></span> <span class='ocrx_word' id='word_1_89' title='bbox 1302 1462 1350 1522; x_wconf 87' lang='lat' dir='ltr'><strong>lo-</strong></span> 
     </span>
     <span class='ocr_line' id='line_1_12' title="bbox 317 1557 1349 1654; baseline -0.003 -23"><span class='ocrx_word' id='word_1_90' title='bbox 317 1593 391 1631; x_wconf 90' lang='lat' dir='ltr'><strong>cum</strong></span> <span class='ocrx_word' id='word_1_91' title='bbox 413 1557 448 1632; x_wconf 78' lang='lat' dir='ltr'><strong>ei</strong></span> <span class='ocrx_word' id='word_1_92' title='bbox 466 1571 680 1654; x_wconf 81' lang='lat' dir='ltr'><strong>Aristophanis</strong></span> <span class='ocrx_word' id='word_1_93' title='bbox 701 1571 878 1654; x_wconf 87' lang='lat' dir='ltr'><strong>Equitibus,</strong></span> <span class='ocrx_word' id='word_1_94' title='bbox 902 1570 933 1630; x_wconf 89' lang='lat' dir='ltr'><strong>in</strong></span> <span class='ocrx_word' id='word_1_95' title='bbox 956 1570 1067 1653; x_wconf 86' lang='lat' dir='ltr'><strong>quibus</strong></span> <span class='ocrx_word' id='word_1_96' title='bbox 1085 1568 1230 1628; x_wconf 81' lang='lat' dir='ltr'><strong>Cratinus</strong></span> <span class='ocrx_word' id='word_1_97' title='bbox 1249 1589 1349 1628; x_wconf 86' lang='lat' dir='ltr'><strong>aceu-</strong></span> 
     </span>
     <span class='ocr_line' id='line_1_13' title="bbox 318 1675 1347 1761; baseline -0.004 -23"><span class='ocrx_word' id='word_1_98' title='bbox 318 1678 456 1754; x_wconf 87' lang='lat' dir='ltr'><strong>sabatur,</strong></span> <span class='ocrx_word' id='word_1_99' title='bbox 481 1677 567 1761; x_wconf 89' lang='lat' dir='ltr'><strong>quod</strong></span> <span class='ocrx_word' id='word_1_100' title='bbox 587 1677 619 1738; x_wconf 92' lang='lat' dir='ltr'><strong>in</strong></span> <span class='ocrx_word' id='word_1_101' title='bbox 642 1677 726 1738; x_wconf 89' lang='lat' dir='ltr'><strong>diem</strong></span> <span class='ocrx_word' id='word_1_102' title='bbox 745 1678 866 1738; x_wconf 87' lang='lat' dir='ltr'><strong>viveret</strong></span> <span class='ocrx_word' id='word_1_103' title='bbox 884 1677 1032 1760; x_wconf 83' lang='lat' dir='ltr'><strong>feriisque</strong></span> <span class='ocrx_word' id='word_1_104' title='bbox 1049 1677 1130 1736; x_wconf 91' lang='lat' dir='ltr'><strong>iusto</strong></span> <span class='ocrx_word' id='word_1_105' title='bbox 1149 1675 1347 1756; x_wconf 78' lang='lat' dir='ltr'><strong>longioribus</strong></span> 
     </span>
     <span class='ocr_line' id='line_1_14' title="bbox 317 1781 1346 1866; baseline 0 -24"><span class='ocrx_word' id='word_1_106' title='bbox 317 1783 490 1846; x_wconf 86' lang='lat' dir='ltr'><strong>frueretur.</strong></span> <span class='ocrx_word' id='word_1_107' title='bbox 542 1783 632 1844; x_wconf 89' lang='lat' dir='ltr'><strong>Hanc</strong></span> <span class='ocrx_word' id='word_1_108' title='bbox 660 1783 893 1844; x_wconf 81' lang='lat' dir='ltr'><strong>accusationem</strong></span> <span class='ocrx_word' id='word_1_109' title='bbox 921 1783 1017 1866; x_wconf 85' lang='lat' dir='ltr'><strong>paulo</strong></span> <span class='ocrx_word' id='word_1_110' title='bbox 1045 1781 1236 1865; x_wconf 86' lang='lat' dir='ltr'><strong>iniquiorem</strong></span> <span class='ocrx_word' id='word_1_111' title='bbox 1267 1803 1346 1858; x_wconf 89' lang='lat' dir='ltr'><strong>esse,</strong></span> 
     </span>
     <span class='ocr_line' id='line_1_15' title="bbox 320 1887 1347 1972; baseline 0 -24"><span class='ocrx_word' id='word_1_112' title='bbox 320 1889 394 1970; x_wconf 89' lang='lat' dir='ltr'><strong>ipsis</strong></span> <span class='ocrx_word' id='word_1_113' title='bbox 422 1899 566 1965; x_wconf 82' lang='lat' dir='ltr'><strong>veterum</strong></span> <span class='ocrx_word' id='word_1_114' title='bbox 594 1889 779 1950; x_wconf 88' lang='lat' dir='ltr'><strong>testimoniis</strong></span> <span class='ocrx_word' id='word_1_115' title='bbox 811 1889 974 1972; x_wconf 88' lang='lat' dir='ltr'><strong>probatur,</strong></span> <span class='ocrx_word' id='word_1_116' title='bbox 1004 1911 1076 1948; x_wconf 92' lang='lat' dir='ltr'><strong>cum</strong></span> <span class='ocrx_word' id='word_1_117' title='bbox 1106 1887 1227 1949; x_wconf 89' lang='lat' dir='ltr'><strong>duobus</strong></span> <span class='ocrx_word' id='word_1_118' title='bbox 1258 1889 1347 1948; x_wconf 91' lang='lat' dir='ltr'><strong>annis</strong></span> 
     </span>
     <span class='ocr_line' id='line_1_16' title="bbox 321 1989 1347 2076; baseline -0.001 -20"><span class='ocrx_word' id='word_1_119' title='bbox 321 2005 394 2056; x_wconf 90' lang='lat' dir='ltr'><strong>aute</strong></span> <span class='ocrx_word' id='word_1_120' title='bbox 427 1996 490 2073; x_wconf 83' lang='lat' dir='ltr'><strong>(Ol.</strong></span> <span class='ocrx_word' id='word_1_121' title='bbox 519 1997 694 2071; x_wconf 88' lang='lat' dir='ltr'><strong>LXXXIX,</strong></span> <span class='ocrx_word' id='word_1_122' title='bbox 714 2019 763 2067; x_wconf 83' lang='grc' dir='ltr'><strong>,ι.;</strong></span> <span class='ocrx_word' id='word_1_123' title='bbox 793 2002 862 2076; x_wconf 71' lang='lat'>423.</span> <span class='ocrx_word' id='word_1_124' title='bbox 895 1995 1019 2070; x_wconf 81' lang='lat' dir='ltr'><strong>aChr.)</strong></span> <span class='ocrx_word' id='word_1_125' title='bbox 1043 1995 1107 2056; x_wconf 91' lang='lat' dir='ltr'><strong>eius</strong></span> <span class='ocrx_word' id='word_1_126' title='bbox 1129 1989 1347 2072; x_wconf 64' lang='grc' dir='ltr'><em>Χειμαζόμενα</em></span> 
     </span>
     <span class='ocr_line' id='line_1_17' title="bbox 321 2101 1345 2185; baseline -0.001 -23"><span class='ocrx_word' id='word_1_127' title='bbox 321 2123 394 2162; x_wconf 90' lang='lat' dir='ltr'><strong>eum</strong></span> <span class='ocrx_word' id='word_1_128' title='bbox 423 2101 638 2185; x_wconf 80' lang='lat' dir='ltr'><strong>Aristophanis</strong></span> <span class='ocrx_word' id='word_1_129' title='bbox 671 2102 933 2179; x_wconf 86' lang='lat' dir='ltr'><strong>Acharncnsibus‚</strong></span> <span class='ocrx_word' id='word_1_130' title='bbox 967 2110 1003 2162; x_wconf 90' lang='lat' dir='ltr'><strong>ut</strong></span> <span class='ocrx_word' id='word_1_131' title='bbox 1031 2124 1066 2164; x_wconf 87' lang='lat' dir='ltr'><strong>ex</strong></span> <span class='ocrx_word' id='word_1_132' title='bbox 1093 2111 1278 2183; x_wconf 81' lang='lat' dir='ltr'><strong>argumento</strong></span> <span class='ocrx_word' id='word_1_133' title='bbox 1308 2101 1345 2161; x_wconf 89' lang='lat' dir='ltr'><strong>ad</strong></span> 
     </span>
     <span class='ocr_line' id='line_1_18' title="bbox 318 2207 1343 2291; baseline -0.003 -22"><span class='ocrx_word' id='word_1_134' title='bbox 318 2207 533 2291; x_wconf 84' lang='lat' dir='ltr'><strong>Aristophanis</strong></span> <span class='ocrx_word' id='word_1_135' title='bbox 563 2208 778 2270; x_wconf 87' lang='lat' dir='ltr'><strong>Acharnenses</strong></span> <span class='ocrx_word' id='word_1_136' title='bbox 808 2219 907 2291; x_wconf 88' lang='lat' dir='ltr'><strong>patet,</strong></span> <span class='ocrx_word' id='word_1_137' title='bbox 937 2227 1019 2269; x_wconf 88' lang='lat' dir='ltr'><strong>auno</strong></span> <span class='ocrx_word' id='word_1_138' title='bbox 1047 2207 1261 2291; x_wconf 79' lang='lat' dir='ltr'><strong>praecedente</strong></span> <span class='ocrx_word' id='word_1_139' title='bbox 1293 2207 1343 2266; x_wconf 90' lang='lat' dir='ltr'><strong>Ol.</strong></span> 
     </span>
     <span class='ocr_line' id='line_1_19' title="bbox 318 2308 1344 2394; baseline 0 -20"><span class='ocrx_word' id='word_1_140' title='bbox 318 2316 521 2378; x_wconf 85' lang='lat' dir='ltr'><strong>LXXXVlll.</strong></span> <span class='ocrx_word' id='word_1_141' title='bbox 546 2334 575 2393; x_wconf 84' lang='lat'><strong>4.</strong></span> <span class='ocrx_word' id='word_1_142' title='bbox 600 2339 627 2376; x_wconf 90' lang='lat' dir='ltr'><strong>a.</strong></span> <span class='ocrx_word' id='word_1_143' title='bbox 652 2315 709 2392; x_wconf 87' lang='lat' dir='ltr'><strong>Ch,</strong></span> <span class='ocrx_word' id='word_1_144' title='bbox 732 2333 800 2394; x_wconf 70' lang='lat'><strong>424.</strong></span> <span class='ocrx_word' id='word_1_145' title='bbox 823 2315 963 2376; x_wconf 88' lang='lat' dir='ltr'><strong>eiusdem</strong></span> <span class='ocrx_word' id='word_1_146' title='bbox 985 2314 1106 2376; x_wconf 84' lang='lat' dir='ltr'><strong>Cratini</strong></span> <span class='ocrx_word' id='word_1_147' title='bbox 1125 2313 1264 2374; x_wconf 83' lang='lat' dir='ltr'><strong>fabulam</strong></span> <span class='ocrx_word' id='word_1_148' title='bbox 1283 2308 1344 2374; x_wconf 67' lang='lat' dir='ltr'><strong>§ct-</strong></span> 
     </span>
     <span class='ocr_line' id='line_1_20' title="bbox 317 2419 1345 2506; baseline 0 -26"><span class='ocrx_word' id='word_1_149' title='bbox 317 2442 409 2500; x_wconf 78' lang='grc' dir='ltr'><strong><em>τυροι</em></strong></span> <span class='ocrx_word' id='word_1_150' title='bbox 429 2420 611 2501; x_wconf 83' lang='lat' dir='ltr'><strong>inscriptam</strong></span> <span class='ocrx_word' id='word_1_151' title='bbox 634 2442 706 2480; x_wconf 92' lang='lat' dir='ltr'><strong>cum</strong></span> <span class='ocrx_word' id='word_1_152' title='bbox 727 2421 943 2503; x_wconf 86' lang='lat' dir='ltr'><strong>Aristophanis</strong></span> <span class='ocrx_word' id='word_1_153' title='bbox 963 2420 1129 2506; x_wconf 71' lang='lat' dir='ltr'><strong>Equitibus</strong></span> <span class='ocrx_word' id='word_1_154' title='bbox 1146 2430 1280 2482; x_wconf 84' lang='lat' dir='ltr'><strong>certasse</strong></span> <span class='ocrx_word' id='word_1_155' title='bbox 1298 2419 1345 2481; x_wconf 90' lang='lat' dir='ltr'><strong>di-</strong></span> 
     </span>
     <span class='ocr_line' id='line_1_21' title="bbox 321 2524 1044 2610; baseline 0.007 -26"><span class='ocrx_word' id='word_1_156' title='bbox 321 2533 404 2585; x_wconf 87' lang='lat' dir='ltr'><strong>serte</strong></span> <span class='ocrx_word' id='word_1_157' title='bbox 427 2524 558 2605; x_wconf 82' lang='lat' dir='ltr'><strong>legimus</strong></span> <span class='ocrx_word' id='word_1_158' title='bbox 580 2525 613 2584; x_wconf 90' lang='lat' dir='ltr'><strong>in</strong></span> <span class='ocrx_word' id='word_1_159' title='bbox 634 2536 821 2608; x_wconf 80' lang='lat' dir='ltr'><strong>argumento</strong></span> <span class='ocrx_word' id='word_1_160' title='bbox 845 2527 885 2587; x_wconf 86' lang='lat' dir='ltr'><strong>ad</strong></span> <span class='ocrx_word' id='word_1_161' title='bbox 904 2528 1044 2610; x_wconf 85' lang='lat' dir='ltr'><strong>Equites.</strong></span> 
     </span>
    </p>

    <p class='ocr_par' dir='ltr' id='par_1_3' title="bbox 319 2623 1346 3463">
     <span class='ocr_line' id='line_1_22' title="bbox 402 2623 1343 2713; baseline 0.007 -25"><span class='ocrx_word' id='word_1_162' title='bbox 402 2629 541 2689; x_wconf 87' lang='lat' dir='ltr'><strong>Tantum</strong></span> <span class='ocrx_word' id='word_1_163' title='bbox 562 2630 657 2713; x_wconf 78' lang='lat' dir='ltr'><strong>igitur</strong></span> <span class='ocrx_word' id='word_1_164' title='bbox 679 2623 778 2708; x_wconf 61' lang='lat' dir='ltr'><strong>abest,v</strong></span> <span class='ocrx_word' id='word_1_165' title='bbox 799 2641 834 2692; x_wconf 93' lang='lat' dir='ltr'><strong>ut</strong></span> <span class='ocrx_word' id='word_1_166' title='bbox 855 2633 1063 2695; x_wconf 85' lang='lat' dir='ltr'><strong>concedamus</strong></span> <span class='ocrx_word' id='word_1_167' title='bbox 1089 2634 1251 2694; x_wconf 88' lang='lat' dir='ltr'><strong>Cratinum</strong></span> <span class='ocrx_word' id='word_1_168' title='bbox 1278 2657 1343 2696; x_wconf 92' lang='lat' dir='ltr'><strong>om-</strong></span> 
     </span>
     <span class='ocr_line' id='line_1_23' title="bbox 320 2736 1344 2818; baseline 0.002 -20"><span class='ocrx_word' id='word_1_169' title='bbox 320 2738 396 2800; x_wconf 89' lang='lat' dir='ltr'><strong>nino</strong></span> <span class='ocrx_word' id='word_1_170' title='bbox 428 2736 612 2798; x_wconf 86' lang='lat' dir='ltr'><strong>abstinuisse</strong></span> <span class='ocrx_word' id='word_1_171' title='bbox 641 2751 664 2797; x_wconf 86' lang='lat' dir='ltr'><strong>a·</strong></span> <span class='ocrx_word' id='word_1_172' title='bbox 689 2737 864 2799; x_wconf 87' lang='lat' dir='ltr'><strong>scribendis</strong></span> <span class='ocrx_word' id='word_1_173' title='bbox 894 2761 931 2800; x_wconf 89' lang='lat' dir='ltr'><strong>ac</strong></span> <span class='ocrx_word' id='word_1_174' title='bbox 967 2740 1117 2802; x_wconf 89' lang='lat' dir='ltr'><strong>docendis</strong></span> <span class='ocrx_word' id='word_1_175' title='bbox 1152 2741 1273 2818; x_wconf 83' lang='lat' dir='ltr'><strong>sabulis,</strong></span> <span class='ocrx_word' id='word_1_176' title='bbox 1309 2751 1344 2802; x_wconf 91' lang='lat' dir='ltr'><strong>ut</strong></span> 
     </span>
     <span class='ocr_line' id='line_1_24' title="bbox 321 2843 1343 2929; baseline 0.001 -23"><span class='ocrx_word' id='word_1_177' title='bbox 321 2847 415 2906; x_wconf 90' lang='lat' dir='ltr'><strong>etiam</strong></span> <span class='ocrx_word' id='word_1_178' title='bbox 446 2843 538 2907; x_wconf 88' lang='lat' dir='ltr'><strong>valde</strong></span> <span class='ocrx_word' id='word_1_179' title='bbox 567 2844 749 2928; x_wconf 81' lang='lat' dir='ltr'><strong>diligentem</strong></span> <span class='ocrx_word' id='word_1_180' title='bbox 777 2845 809 2904; x_wconf 92' lang='lat' dir='ltr'><strong>in</strong></span> <span class='ocrx_word' id='word_1_181' title='bbox 840 2867 895 2905; x_wconf 89' lang='lat' dir='ltr'><strong>sua</strong></span> <span class='ocrx_word' id='word_1_182' title='bbox 915 2847 1079 2929; x_wconf 86' lang='lat' dir='ltr'><strong>provincia</strong></span> <span class='ocrx_word' id='word_1_183' title='bbox 1099 2847 1192 2910; x_wconf 87' lang='lat' dir='ltr'><strong>luisse</strong></span> <span class='ocrx_word' id='word_1_184' title='bbox 1215 2857 1343 2908; x_wconf 91' lang='lat' dir='ltr'><strong>conten-</strong></span> 
     </span>
     <span class='ocr_line' id='line_1_25' title="bbox 321 2952 1344 3038; baseline 0.001 -25"><span class='ocrx_word' id='word_1_185' title='bbox 321 2953 440 3013; x_wconf 88' lang='lat' dir='ltr'><strong>damus.</strong></span> <span class='ocrx_word' id='word_1_186' title='bbox 486 2953 521 3012; x_wconf 92' lang='lat' dir='ltr'><strong>ln</strong></span> <span class='ocrx_word' id='word_1_187' title='bbox 545 2973 578 3014; x_wconf 86' lang='lat' dir='ltr'><strong>se</strong></span> <span class='ocrx_word' id='word_1_188' title='bbox 599 2952 702 3035; x_wconf 91' lang='lat' dir='ltr'><strong>ipsum</strong></span> <span class='ocrx_word' id='word_1_189' title='bbox 723 2953 858 3037; x_wconf 90' lang='lat' dir='ltr'><strong>Pytinen</strong></span> <span class='ocrx_word' id='word_1_190' title='bbox 880 2954 1004 3038; x_wconf 86' lang='lat' dir='ltr'><strong>scripsit</strong></span> <span class='ocrx_word' id='word_1_191' title='bbox 1024 2955 1169 3015; x_wconf 86' lang='lat' dir='ltr'><strong>Cratinus</strong></span> <span class='ocrx_word' id='word_1_192' title='bbox 1192 2955 1232 3015; x_wconf 90' lang='lat' dir='ltr'><strong>ad</strong></span> <span class='ocrx_word' id='word_1_193' title='bbox 1245 2954 1344 3016; x_wconf 87' lang='lat' dir='ltr'><strong>ebrie-</strong></span> 
     </span>
     <span class='ocr_line' id='line_1_26' title="bbox 319 3047 1343 3144; baseline -0.002 -22"><span class='ocrx_word' id='word_1_194' title='bbox 319 3070 417 3122; x_wconf 87' lang='lat' dir='ltr'><strong>tatem</strong></span> <span class='ocrx_word' id='word_1_195' title='bbox 448 3047 536 3120; x_wconf 86' lang='lat' dir='ltr'><strong>suam</strong></span> <span class='ocrx_word' id='word_1_196' title='bbox 568 3059 785 3137; x_wconf 70' lang='lat' dir='ltr'><strong>excusandam,</strong></span> <span class='ocrx_word' id='word_1_197' title='bbox 815 3060 901 3143; x_wconf 89' lang='lat' dir='ltr'><strong>quod</strong></span> <span class='ocrx_word' id='word_1_198' title='bbox 934 3061 1038 3144; x_wconf 87' lang='lat' dir='ltr'><strong>primo</strong></span> <span class='ocrx_word' id='word_1_199' title='bbox 1060 3060 1210 3143; x_wconf 87' lang='lat' dir='ltr'><strong>adspectu</strong></span> <span class='ocrx_word' id='word_1_200' title='bbox 1233 3061 1343 3120; x_wconf 89' lang='lat' dir='ltr'><strong>mirum</strong></span> 
     </span>
     <span class='ocr_line' id='line_1_27' title="bbox 323 3165 1344 3251; baseline -0.001 -25"><span class='ocrx_word' id='word_1_201' title='bbox 323 3165 418 3226; x_wconf 87' lang='lat' dir='ltr'><strong>alicui</strong></span> <span class='ocrx_word' id='word_1_202' title='bbox 443 3165 600 3242; x_wconf 86' lang='lat' dir='ltr'><strong>videatur,</strong></span> <span class='ocrx_word' id='word_1_203' title='bbox 624 3167 690 3226; x_wconf 90' lang='lat' dir='ltr'><strong>aliis</strong></span> <span class='ocrx_word' id='word_1_204' title='bbox 711 3189 788 3228; x_wconf 87' lang='lat' dir='ltr'><strong>vero</strong></span> <span class='ocrx_word' id='word_1_205' title='bbox 803 3168 948 3251; x_wconf 78' lang='lat' dir='ltr'><strong>exemplis</strong></span> <span class='ocrx_word' id='word_1_206' title='bbox 964 3167 1133 3250; x_wconf 85' lang='lat' dir='ltr'><strong>probatum</strong></span> <span class='ocrx_word' id='word_1_207' title='bbox 1151 3175 1212 3237; x_wconf 90' lang='lat' dir='ltr'><strong>est;</strong></span> <span class='ocrx_word' id='word_1_208' title='bbox 1236 3166 1344 3227; x_wconf 88' lang='lat' dir='ltr'><strong>comici</strong></span> 
     </span>
     <span class='ocr_line' id='line_1_28' title="bbox 320 3272 1344 3356; baseline -0.002 -22"><span class='ocrx_word' id='word_1_209' title='bbox 320 3272 415 3349; x_wconf 87' lang='lat' dir='ltr'><strong>enim,</strong></span> <span class='ocrx_word' id='word_1_210' title='bbox 455 3294 552 3355; x_wconf 88' lang='lat' dir='ltr'><strong>quum</strong></span> <span class='ocrx_word' id='word_1_211' title='bbox 581 3293 613 3334; x_wconf 88' lang='lat' dir='ltr'><strong>se</strong></span> <span class='ocrx_word' id='word_1_212' title='bbox 639 3273 697 3356; x_wconf 88' lang='lat' dir='ltr'><strong>ipsi</strong></span> <span class='ocrx_word' id='word_1_213' title='bbox 718 3275 930 3351; x_wconf 86' lang='lat' dir='ltr'><strong>sectabantur,</strong></span> <span class='ocrx_word' id='word_1_214' title='bbox 961 3273 1008 3334; x_wconf 91' lang='lat' dir='ltr'><strong>rei</strong></span> <span class='ocrx_word' id='word_1_215' title='bbox 1031 3273 1236 3334; x_wconf 87' lang='lat' dir='ltr'><strong>acerbitatem</strong></span> <span class='ocrx_word' id='word_1_216' title='bbox 1258 3273 1344 3334; x_wconf 88' lang='lat' dir='ltr'><strong>dimi·</strong></span> 
     </span>
     <span class='ocr_line' id='line_1_29' title="bbox 320 3379 1346 3463; baseline -0.001 -20"><span class='ocrx_word' id='word_1_217' title='bbox 320 3403 420 3443; x_wconf 89' lang='lat' dir='ltr'><strong>nuere</strong></span> <span class='ocrx_word' id='word_1_218' title='bbox 454 3389 486 3441; x_wconf 87' lang='lat' dir='ltr'><strong>et</strong></span> <span class='ocrx_word' id='word_1_219' title='bbox 517 3379 582 3440; x_wconf 89' lang='lat' dir='ltr'><strong>risu</strong></span> <span class='ocrx_word' id='word_1_220' title='bbox 614 3390 773 3446; x_wconf 87' lang='lat' dir='ltr'><strong>commoto</strong></span> <span class='ocrx_word' id='word_1_221' title='bbox 808 3380 1041 3444; x_wconf 85' lang='lat' dir='ltr'><strong>accusationem</strong></span> <span class='ocrx_word' id='word_1_222' title='bbox 1067 3401 1231 3442; x_wconf 88' lang='lat' dir='ltr'><strong>removere</strong></span> <span class='ocrx_word' id='word_1_223' title='bbox 1257 3391 1346 3463; x_wconf 85' lang='lat' dir='ltr'><strong>puta-</strong></span> 
     </span>
    </p>
   </div>
   <div class='ocr_carea' id='block_1_3' title="bbox 318 3486 1346 3570">
    <p class='ocr_par' dir='ltr' id='par_1_4' title="bbox 318 3465 1346 3570">
     <span class='ocr_line' id='line_1_30' title="bbox 318 3486 1346 3570; baseline -0.002 -20"><span class='ocrx_word' id='word_1_224' title='bbox 318 3489 405 3550; x_wconf 84' lang='lat' dir='ltr'><strong>bant.</strong></span> <span class='ocrx_word' id='word_1_225' title='bbox 455 3486 606 3569; x_wconf 84' lang='lat' dir='ltr'><strong>Exempla</strong></span> <span class='ocrx_word' id='word_1_226' title='bbox 635 3486 732 3548; x_wconf 88' lang='lat' dir='ltr'><strong>habet</strong></span> <span class='ocrx_word' id='word_1_227' title='bbox 758 3487 944 3548; x_wconf 86' lang='lat' dir='ltr'><strong>Plutarchus</strong></span> <span class='ocrx_word' id='word_1_228' title='bbox 979 3487 1011 3546; x_wconf 93' lang='lat' dir='ltr'><strong>in</strong></span> <span class='ocrx_word' id='word_1_229' title='bbox 1033 3487 1175 3570; x_wconf 86' lang='lat' dir='ltr'><strong>Sympos.</strong></span> <span class='ocrx_word' id='word_1_230' title='bbox 1198 3489 1234 3547; x_wconf 92' lang='lat' dir='ltr'><strong>ll.</strong></span> <span class='ocrx_word' id='word_1_231' title='bbox 1260 3511 1286 3550; x_wconf 83' lang='lat' dir='ltr'><strong>r.</strong></span> <span class='ocrx_word' id='word_1_232' title='bbox 1312 3488 1346 3548; x_wconf 88' lang='lat' dir='ltr'><strong>‹lc</strong></span> 
     </span>
    </p>
   </div>
   <div class='ocr_carea' id='block_1_4' title="bbox 318 3592 1348 3995">
    <p class='ocr_par' dir='ltr' id='par_1_5' title="bbox 318 3592 1348 3995">
     <span class='ocr_line' id='line_1_31' title="bbox 319 3592 1347 3676; baseline -0.001 -21"><span class='ocrx_word' id='word_1_233' title='bbox 319 3592 540 3676; x_wconf 84' lang='lat' dir='ltr'><strong>Aristophane,</strong></span> <span class='ocrx_word' id='word_1_234' title='bbox 561 3593 614 3676; x_wconf 91' lang='lat' dir='ltr'><strong>qui</strong></span> <span class='ocrx_word' id='word_1_235' title='bbox 636 3593 793 3653; x_wconf 87' lang='lat' dir='ltr'><strong>calvitiem</strong></span> <span class='ocrx_word' id='word_1_236' title='bbox 814 3615 902 3657; x_wconf 86' lang='lat' dir='ltr'><strong>suam</strong></span> <span class='ocrx_word' id='word_1_237' title='bbox 923 3593 1032 3654; x_wconf 91' lang='lat' dir='ltr'><strong>derisit</strong></span> <span class='ocrx_word' id='word_1_238' title='bbox 1052 3595 1084 3654; x_wconf 85' lang='lat' dir='ltr'><strong>ln</strong></span> <span class='ocrx_word' id='word_1_239' title='bbox 1102 3594 1197 3654; x_wconf 89' lang='lat' dir='ltr'><strong>Place</strong></span> <span class='ocrx_word' id='word_1_240' title='bbox 1221 3597 1290 3676; x_wconf 79' lang='lat'><strong>167.</strong></span> <span class='ocrx_word' id='word_1_241' title='bbox 1312 3594 1347 3654; x_wconf 90' lang='lat' dir='ltr'><strong>de</strong></span> 
     </span>
     <span class='ocr_line' id='line_1_32' title="bbox 320 3697 1348 3782; baseline 0 -22"><span class='ocrx_word' id='word_1_242' title='bbox 320 3699 484 3782; x_wconf 79' lang='lat' dir='ltr'><strong>Agathone</strong></span> <span class='ocrx_word' id='word_1_243' title='bbox 514 3709 546 3760; x_wconf 90' lang='lat' dir='ltr'><strong>et</strong></span> <span class='ocrx_word' id='word_1_244' title='bbox 577 3710 685 3762; x_wconf 89' lang='lat' dir='ltr'><strong>nostro</strong></span> <span class='ocrx_word' id='word_1_245' title='bbox 705 3709 811 3782; x_wconf 87' lang='lat' dir='ltr'><strong>poeta,</strong></span> <span class='ocrx_word' id='word_1_246' title='bbox 838 3699 925 3762; x_wconf 88' lang='lat' dir='ltr'><strong>euius</strong></span> <span class='ocrx_word' id='word_1_247' title='bbox 954 3697 1075 3782; x_wconf 79' lang='grc' dir='ltr'><em>Πυτίνη</em></span> <span class='ocrx_word' id='word_1_248' title='bbox 1097 3699 1252 3760; x_wconf 87' lang='lat' dir='ltr'><strong>landatur.</strong></span> <span class='ocrx_word' id='word_1_249' title='bbox 1294 3701 1348 3760; x_wconf 88' lang='lat' dir='ltr'><strong>Est</strong></span> 
     </span>
     <span class='ocr_line' id='line_1_33' title="bbox 318 3805 1347 3892; baseline -0.003 -23"><span class='ocrx_word' id='word_1_250' title='bbox 318 3828 395 3869; x_wconf 85' lang='lat' dir='ltr'><strong>vero</strong></span> <span class='ocrx_word' id='word_1_251' title='bbox 419 3805 470 3866; x_wconf 91' lang='lat' dir='ltr'><strong>hie</strong></span> <span class='ocrx_word' id='word_1_252' title='bbox 496 3805 583 3866; x_wconf 89' lang='lat' dir='ltr'><strong>locus</strong></span> <span class='ocrx_word' id='word_1_253' title='bbox 607 3805 861 3892; x_wconf 88' lang='lat' dir='ltr'><strong>corruptissimus</strong></span> <span class='ocrx_word' id='word_1_254' title='bbox 891 3815 923 3867; x_wconf 90' lang='lat' dir='ltr'><strong>et</strong></span> <span class='ocrx_word' id='word_1_255' title='bbox 941 3805 1092 3868; x_wconf 88' lang='lat' dir='ltr'><strong>hactenus</strong></span> <span class='ocrx_word' id='word_1_256' title='bbox 1116 3831 1132 3867; x_wconf 89' lang='lat' dir='ltr'><strong>a</strong></span> <span class='ocrx_word' id='word_1_257' title='bbox 1152 3808 1226 3868; x_wconf 84' lang='lat' dir='ltr'><strong>viris</strong></span> <span class='ocrx_word' id='word_1_258' title='bbox 1249 3807 1347 3868; x_wconf 79' lang='lat' dir='ltr'><strong>doctis</strong></span> 
     </span>
     <span class='ocr_line' id='line_1_34' title="bbox 319 3912 1348 3995; baseline 0 -21"><span class='ocrx_word' id='word_1_259' title='bbox 319 3934 413 3995; x_wconf 80' lang='lat' dir='ltr'><strong>saepe</strong></span> <span class='ocrx_word' id='word_1_260' title='bbox 436 3914 554 3973; x_wconf 84' lang='lat' dir='ltr'><strong>frustra</strong></span> <span class='ocrx_word' id='word_1_261' title='bbox 574 3921 724 3987; x_wconf 87' lang='lat' dir='ltr'><strong>tentatus,</strong></span> <span class='ocrx_word' id='word_1_262' title='bbox 750 3912 794 3973; x_wconf 88' lang='lat' dir='ltr'><strong>ita</strong></span> <span class='ocrx_word' id='word_1_263' title='bbox 818 3921 852 3972; x_wconf 93' lang='lat' dir='ltr'><strong>ut</strong></span> <span class='ocrx_word' id='word_1_264' title='bbox 873 3914 1044 3974; x_wconf 85' lang='lat' dir='ltr'><strong>certiorem</strong></span> <span class='ocrx_word' id='word_1_265' title='bbox 1064 3913 1157 3974; x_wconf 90' lang='lat' dir='ltr'><strong>huius</strong></span> <span class='ocrx_word' id='word_1_266' title='bbox 1180 3913 1348 3978; x_wconf 83' lang='lat' dir='ltr'><strong>difficalta-</strong></span> 
     </span>
    </p>
   </div>
   <div class='ocr_carea' id='block_1_5' title="bbox 318 4017 1348 4108">
    <p class='ocr_par' dir='ltr' id='par_1_6' title="bbox 318 4017 1348 4108">
     <span class='ocr_line' id='line_1_35' title="bbox 318 4017 1348 4108; baseline 0.003 -30"><span class='ocrx_word' id='word_1_267' title='bbox 318 4020 356 4084; x_wconf 83' lang='lat' dir='ltr'><strong>tis</strong></span> <span class='ocrx_word' id='word_1_268' title='bbox 379 4019 590 4108; x_wconf 82' lang='lat' dir='ltr'><strong>expediendae</strong></span> <span class='ocrx_word' id='word_1_269' title='bbox 613 4018 769 4086; x_wconf 85' lang='lat' dir='ltr'><strong>rationem</strong></span> <span class='ocrx_word' id='word_1_270' title='bbox 793 4017 963 4086; x_wconf 82' lang='lat' dir='ltr'><strong>admodum</strong></span> <span class='ocrx_word' id='word_1_271' title='bbox 992 4018 1176 4088; x_wconf 82' lang='lat' dir='ltr'><strong>desiderem.</strong></span> <span class='ocrx_word' id='word_1_272' title='bbox 1219 4021 1348 4084; x_wconf 85' lang='lat' dir='ltr'><strong>Nostrae</strong></span> 
     </span>
    </p>
   </div>
   <div class='ocr_carea' id='block_1_6' title="bbox 0 0 1413 4784">
    <p class='ocr_par' dir='ltr' id='par_1_7' title="bbox 0 0 1413 4784">
     <span class='ocr_line' id='line_1_36' title="bbox 0 0 1413 4784; baseline 0 0"><span class='ocrx_word' id='word_1_273' title='bbox 0 0 1413 4784; x_wconf 95' lang='lat' dir='ltr'><strong> </strong></span> 
     </span>
    </p>
   </div>
  </div>
 </body>
</html>
