2846 4788
701 331 942 422 --so--¹

231 507 236 516 ¹
306 519 517 606 Pythagoram
537 515 759 601 philosophum
780 518 945 580 inductum
967 535 1032 577 esse
1055 515 1088 574 in
1102 513 1354 576 scenamintel-
1403 595 1404 600 η

308 629 432 711 ligitur;
469 625 590 709 pariter
613 624 817 711 ¹perspicitur
855 646 890 686 ex
918 619 1023 684 indicb
1050 621 1177 684 fabulae
1206 630 1354 702 praeter

308 731 510 820 philosophos
531 730 677 792 mulieres
698 729 899 814 philosophas
921 737 1043 789 notatas
1065 749 1131 790 esse
1156 737 1188 789 et
1204 727 1353 788 maxime

308 842 397 917 tales,
425 862 506 924 quae
534 838 732 923 Pythagorae
765 835 961 919 disciplinam
984 834 1207 918 sequebantur.
1250 833 1351 895 Haec

309 946 463 1014 sententia
487 965 525 1006 eo
546 945 699 1008 maiorem
719 940 949 1027 probabilitatis
972 941 1111 1025 speciem
1132 939 1350 1018 nanciscitur,

310 1055 336 1115 si
358 1052 533 1116 accuratius
554 1059 793 1135 perscrutamur
814 1049 971 1126 eruditam
985 1046 1122 1131 Menagii
1141 1047 1349 1108 obseruatio-

311 1183 385 1224 nem
411 1160 444 1221 in
474 1159 613 1220 Historia
641 1157 810 1218 mulierum
840 1154 1103 1240 philosopharum
1129 1178 1162 1238 p.
1191 1157 1254 1235 45,
1292 1163 1346 1216 tot

310 1268 405 1328 fuisse
435 1265 583 1328 mulieres
604 1263 839 1348 Pythagoricus,
861 1273 897 1325 ut
917 1263 956 1325 de
977 1263 1014 1324 iis
1036 1263 1184 1324 volumen
1205 1262 1345 1344 scripse-

311 1375 355 1436 rit
376 1372 586 1437 Philochorus
613 1371 809 1434 Atheniensis
840 1370 938 1449 (Suid.
961 1394 990 1432 v.
1019 1365 1218 1452 Φιλόχορος).
1260 1369 1343 1429 Cum

312 1481 429 1541 mirum
451 1479 549 1562 possit
569 1479 670 1540 videri
688 1488 735 1540 tot
749 1478 841 1540 luisse
853 1476 946 1538 huius
962 1477 1144 1560 disciplinae
1160 1477 1341 1537 sectratices

315 1593 402 1670 [quas
433 1586 560 1670 collegit
587 1595 619 1648 et
645 1587 677 1646 in
712 1585 857 1646 ordinem
879 1583 1002 1668 redegit
1021 1583 1158 1665 Menagii
1180 1581 1342 1665 diligentia

313 1693 334 1752 l.
354 1697 406 1770 e),
426 1692 612 1776 pracsertim
634 1692 782 1775 quoniam
803 1701 936 1774 propter
958 1689 1110 1773 plurimas
1133 1711 1183 1751 res
1201 1711 1340 1768 arcanas,

315 1821 390 1894 quas
412 1810 448 1861 ut
468 1799 615 1884 mysteria
637 1797 797 1881 divulgare
820 1798 892 1880 ipsis
914 1797 1000 1858 nefas
1020 1796 1209 1872 habebatur,
1225 1795 1342 1878 Pytha-

316 1905 428 1988 goricis
451 1905 609 1966 silentium
627 1926 687 1988 per
707 1903 959 1988 quinquennium
981 1903 1214 1986 imponebatur,
1231 1901 1343 1962 mulie-

316 2031 366 2072 res
389 1985 478 2086 vero,
500 2010 729 2093 utplurimum
752 2009 814 2070 sint
834 2010 982 2094 loquaces
1011 2019 1043 2072 et
1063 2009 1095 2068 in
1119 2006 1341 2083 custodiendis,

317 2137 397 2200 quae
425 2103 587 2198 prohibita
618 2125 700 2194 sunt,
734 2115 974 2181 imbecilliores:
1005 2115 1091 2176 baud
1113 2114 1343 2178 contemnenda

316 2234 363 2286 est
393 2224 578 2286 coniectura
610 2223 746 2306 Menagii
777 2224 909 2284 feminas
930 2221 1153 2306 Pythagoricus
1178 2246 1196 2284 a
1217 2221 1343 2283 comicis

316 2331 503 2393 deridendus
524 2331 557 2391 in
580 2351 707 2391 scenam
724 2330 818 2390 fuisse
841 2329 995 2390 inductas.

404 2431 660 2518 Ταρὰντινοι
695 2437 824 2497 Cratini.
887 2433 1041 2496 Fabulam
1078 2433 1170 2498 buius
1211 2432 1343 2494 nominis

317 2539 486 2624 scripserat
511 2541 610 2602 Alexis
641 2541 766 2618 (Athen.
796 2564 829 2624 p.
862 2559 930 2604 120.
957 2541 992 2601 B.
1020 2540 1099 2602 Poll.
1132 2549 1208 2601 sect.
1241 2540 1343 2618 230.);

318 2645 396 2706 nihil
420 2656 525 2708 autem
545 2647 714 2708 tribuerim
735 2647 938 2708 coniecturae
959 2647 1095 2730 Menagii
1117 2653 1160 2726 et,
1184 2647 1239 2730 qui
1258 2648 1345 2707 illum

319 2753 471 2836 sequitur,
503 2753 666 2815 Meibomii
688 2753 728 2814 ad
749 2754 842 2838 Diog.
867 2756 971 2816 Laert.
992 2755 1145 2838 V111.37.
1201 2754 1345 2838 Suspica-

317 2861 435 2921 bantur
458 2859 634 2943 Diogenem
654 2861 816 2922 Laertium
838 2861 958 2944 lapsum
981 2883 1046 2924 csse
1069 2871 1101 2924 et
1121 2872 1287 2944 utramque
1300 2859 1346 2918 la-

317 2963 425 3028 bulam
446 2961 649 3052 (Tarpeianum
674 2977 706 3029 et
735 2965 1023 3052 Πυθαγοριζουσα),
1054 2991 1135 3051 quae
1157 2969 1196 3030 ab
1219 2989 1258 3029 eo
1279 2967 1345 3026 lau-

319 3073 423 3152 datur,
452 3095 527 3134 cum
559 3073 692 3135 Alexidis
721 3085 810 3154 esset,
848 3077 977 3138 Cratino
1009 3077 1174 3148 tribuisse;
1213 3075 1345 3158 ideoque

318 3180 425 3239 locum
447 3180 597 3262 Diogenis
620 3182 739 3244 Laertii
759 3193 883 3244 mutant
906 3194 1018 3244 contra
1039 3185 1180 3245 omnium
1194 3184 1346 3244 librorum

320 3286 550 3364 auctoritatem,
574 3298 619 3366 ut,
644 3312 738 3372 quam
758 3313 871 3374 parum
888 3287 1064 3374 ,probabilis
1086 3293 1126 3352 sit
1147 3313 1259 3353 eorum
1272 3313 1347 3351 con-

318 3393 451 3469 iectura,
472 3385 546 3456 inde
566 3395 628 3456 iam
648 3397 740 3458 facile
764 3397 972 3480 intelligatur;
994 3399 1170 3481 Diogenem
1188 3399 1347 3459 Laertium

320 3523 383 3560 non
412 3502 570 3586 scripsisse
600 3497 681 3564 ἀλλὰ
712 3499 766 3564 καὶ
788 3495 919 3580 Ἄλεξις,
942 3504 1028 3588 quod
1049 3505 1251 3566 Casaubonus
1274 3526 1349 3564 con-

282 3621 285 3628 '
319 3609 405 3684 iecit,
437 3609 567 3692 insuper
594 3609 710 3670 Suidae
743 3611 867 3670 codices
901 3611 1059 3672 evincunt.
1110 3613 1200 3673 Hanc
1223 3634 1348 3696 quoque

320 3715 518 3786 comoediam
540 3715 689 3776 Cratinus.
704 3715 790 3776 haud
812 3717 907 3779 dubie
933 3720 1058 3803 scripsit
1079 3719 1284 3804 philosophos
1308 3719 1351 3777 ir-

320 3821 449 3896 risurus,
473 3829 509 3881 ut
527 3823 644 3904 partim
666 3845 701 3885 ex
723 3823 838 3902 indice,
860 3826 977 3908 partim
1001 3849 1037 3888 ex
1056 3817 1234 3910 fragmento
1267 3827 1350 3910 apud

319 3930 497 4011 Diogenem
524 3930 686 3991 Laertium
719 3930 739 3990 l.
773 3952 800 3990 c.
828 3941 859 3993 et
880 3932 1010 3995 Suidam
1030 3955 1059 3994 v.
1080 3929 1258 4017 Ξενοφάνης
1286 3958 1352 3996 ser-

320 4045 392 4100 rato
414 4035 522 4104 videre
543 4037 627 4100 licet.
669 4038 812 4102 Primum
833 4041 998 4126 exponitur
1015 4042 1189 4126 exenrplum
1207 4044 1351 4108 οιΧευο-
