2846 4788
731 123 765 210 ,x
923 163 971 252 ⁸

649 323 708 396 4.
744 309 818 401 ‘tot
870 359 915 376 -
1024 333 1025 342 ¹

353 513 488 596 σκῶμμα
506 517 566 600 γὰρ
591 503 630 578 ol
649 515 719 576 ποτ’
742 510 850 596 iirysr
878 503 931 575 εἶτ’
954 505 1049 574 αὐτᾶν
1070 504 1086 571 ὁ
1107 510 1315 595 suffodienda

355 622 508 706 ἐξαγαγών
528 617 640 702 ἔχοντα
660 623 766 684 alosis
787 619 962 704 occiduum
985 617 1078 684 Οἰνεῖ.

274 729 390 793 Versus
412 738 543 813 quartus
563 728 595 792 in
619 726 707 789 libris
729 728 815 790 varie
835 736 1004 810 corruptus
1026 733 1074 787 est
1092 731 1125 786 ot
1136 723 1311 802 mutilatus,

274 859 292 898 a
314 835 423 919 primis
446 833 620 898 editoribus
643 833 792 896 asterisco
814 813 945 894 notatus
961 843 1057 916 atque
1078 830 1185 916 colligi
1203 841 1312 914 potest

274 963 310 1006 ex
341 941 547 1004 annotatione
575 940 712 1025 quadam
741 941 882 1024 Hugouis
904 940 1009 1004 Grotii
1032 939 1164 1002 alteram
1185 948 1313 1020 partem

273 1048 366 1112 huius
388 1067 496 1128 versus
517 1046 550 1109 in
573 1047 737 1110 codicibus
759 1047 853 1131 plone
874 1023 1020 1110 abfuisse.
1063 1046 1174 1108 Lectio
1197 1067 1232 1106 ex
1254 1065 1313 1104 co-

276 1153 402 1234 dieihus¹
420 1152 533 1233 housta
552 1151 633 1216 haec
649 1163 717 1233 ¹est:
736 1154 850 1237 μικρόν
872 1151 907 1230 de'
925 1177 955 1216 τι
966 1143 1068 1240 educo
1080 1144 1190 1229 αὐτοῦ,
1202 1174 1312 1235 quam,

236 1319 238 1326 ,
276 1281 350 1322 cum
373 1261 562 1322 sententiam
585 1259 743 1338 nonsatis
767 1259 968 1336 commodam
988 1261 1170 1344 praeheret,
1192 1258 1313 1318 Casau-

274 1369 378 1430 bonus
399 1368 534 1428 mutavit
567 1366 599 1426 in
621 1369 736 1452 μικρὸν
755 1363 790 1430 di
809 1389 840 1428 τι
853 1367 938 1428 ’κατὰ
959 1362 1112 1446 leudesio
1131 1387 1203 1442 nov,
1224 1365 1312 1448 quod

274 1475 387 1536 vertit:
406 1495 540 1556 paruam
564 1475 787 1540 domunculam.
831 1474 911 1536 Cum
934 1495 1012 1536 vero
1034 1474 1138 1538 Grotii
1166 1473 1312 1534 acumine

275 1590 379 1642 totum
410 1581 622 1664 fragmentum
651 1581 692 1644 ad
718 1582 835 1644 iustum
855 1590 994 1645 metrum
1014 1581 1226 1665 redigeretur,
1246 1579 1312 1642 Ca-

276 1687 409 1750 sauboni
432 1688 532 1750 editio
553 1688 649 1771 paulo
670 1689 757 1772 prius
778 1688 936 1772 prodiret,
959 1687 1087 1750 videtur
1100 1689 1219 1749 sactum
1232 1708 1312 1764 esse,

276 1803 313 1856 ut
343 1795 392 1855 vir
416 1779 560 1858 'summus
588 1797 620 1862 in
643 1796 717 1858 loco
738 1805 849 1864 nostro
871 1793 1072 1857 emendando
1094 1815 1201 1856 vorsus
1233 1815 1315 1854 non-

279 1899 354 1962 dum
377 1902 592 1982 suspicaretur
618 1901 759 1984 ideoque
780 1912 893 1962 contra
913 1901 1008 1971 metri
1033 1901 1191 1962 rationem
1211 1903 1317 1962 corri-

277 2015 377 2089 geret.
429 2008 559 2068 Grotius
589 2007 700 2070 scribit
724 2007 847 2090 uincor
868 2003 903 2070 dd
930 2029 962 2072 τι
991 2002 1098 2070 ἱκανόν
1118 1999 1202 2091 αὐτῷ
1225 2015 1259 2067 et
1280 2029 1317 2068 ex

276 2113 422 2184 versione
450 2112 547 2174 latina
574 2122 663 2196 patet
693 2134 766 2177 eum
795 2113 947 2196 cogitasse
978 2113 1038 2177 sibi
1068 2113 1205 2195 aliquem
1226 2113 1315 2174 victu

205 2241 208 2248 '
276 2221 388 2304 exiguo
410 2231 606 2286 contentum.
650 2220 736 2284 Haec
758 2221 956 2296 coniectura,
974 2221 1162 2281 sententiam
1183 2219 1208 2281 si
1232 2241 1313 2280 eon-

276 2329 394 2407 sidero,
427 2351 491 2390 non
523 2327 682 2412 displicet,
709 2335 813 2390 metro
843 2335 950 2388 tamen
980 2347 1044 2386 non
1075 2325 1241 2395 satisfaciu
1264 2337 1314 2388 est

278 2434 374 2516 igitur
405 2434 624 2518 relinquenda.
675 2433 752 2494 Post
781 2420 949 2496 conamina
970 2433 1105 2496 Porsoni
1124 2443 1155 2496 et
1177 2434 1314 2495 aliorum

277 2540 478 2600 Hermannus
502 2562 629 2624 quoque
662 2540 682 2602 l.
709 2541 729 2601 l.
760 2551 904 2602 nostrum
935 2538 1042 2600 locum
1072 2540 1203 2602 tentavit
1231 2544 1316 2600 scri-

276 2646 381 2708 bens:¹
407 2647 522 2728 μικρόν
543 2643 579 2708 δέ
598 2669 629 2707 τι
651 2639 752 2724 urinis
778 2641 887 2722 αὐτοῦ,
914 2655 1009 2730 etque
1035 2669 1110 2710 cum
1135 2648 1167 2708 in
1195 2651 1317 2709 eonsti-

277 2750 398 2814 tuendo
428 2760 533 2813 metro
571 2751 762 2828 doctissime,
792 2762 829 2814 ut
859 2754 950 2830 solet,
980 2775 1049 2818 rem
1077 2776 1167 2816 suam
1188 2765 1317 2838 pertra-

278 2868 404 2937 ctasset,
441 2879 567 2922 sensum
593 2859 696 2921 minus
724 2859 862 2922 feliciter
890 2872 1048 2924 assecutus
1078 2883 1144 2924 esse
1174 2862 1311 2924 videtur.

277 2967 333 3028 His
371 2967 458 3028 enim
493 2967 598 3030 verbis
637 2967 827 3031 sententiam
858 2969 984 3031 reddit:
1029 2971 1177 3032 seruzzlum
1213 2971 1313 3030 habeo

274 3075 448 3158 ploransque
475 3075 618 3154 alienum,
660 3077 692 3136 in
729 3097 788 3161 quo
825 3078 900 3138 meisi
925 3078 1046 3138 nonnisi
1074 3079 1212 3160 paullum
1240 3082 1321 3162 quid

277 3180 354 3238 iuris
384 3193 437 3240 est.
482 3180 626 3248 Primum
658 3181 743 3244 enim
764 3203 829 3244 uon
850 3183 1003 3266 intelligo,
1026 3207 1091 3269 quo
1115 3183 1214 3248 modo
1235 3184 1318 3247 haec

280 3285 437 3348 sententia
468 3285 632 3372 singularis
662 3310 699 3350 ac
725 3289 895 3373 perspicua
924 3292 1028 3358 verbis
1062 3291 1132 3369 illis,
1161 3313 1246 3374 quae
1266 3279 1338 3353 se-⁴

278 3405 369 3456 cutus
393 3403 441 3458 est
463 3393 512 3457 vir
534 3394 689 3480 egregius,
718 3395 820 3458 inesse
840 3396 955 3479 possit3
987 3405 1056 3458 tum
1076 3419 1165 3476 vero,
1195 3398 1319 3472 sicam

278 3504 380 3566 inesse
402 3501 625 3580 concederem,
646 3503 748 3565 miror
767 3503 928 3588 Eupolim,
951 3505 1017 3589 qui,
1040 3506 1066 3566 si
1090 3506 1155 3568 hoc
1175 3505 1320 3588 scripsis-

279 3620 337 3688 set,
358 3633 480 3672 meram
501 3609 708 3694 tautologiam
727 3609 901 3693 posuisset;
923 3631 998 3684 nam
1018 3611 1238 3674 inhominem
1261 3634 1323 3672 no-

278 3717 326 3777 bis
359 3717 498 3778 alienum
527 3715 606 3776 nihil
636 3716 712 3778 iuris
744 3717 835 3778 nobis
857 3737 922 3780 esse
943 3719 1165 3798 exercendum,
1185 3719 1325 3783 manife-

280 3832 363 3882 stum
397 3833 453 3884 est.
505 3820 539 3881 Si
570 3822 649 3884 haec
680 3833 900 3903 statueremus,
920 3827 1082 3909 posterior
1117 3849 1224 3888 versus
1246 3819 1324 3910 pars

278 3927 380 4011 priori
402 3928 632 4007 contineretur,
658 3929 697 3996 de
719 3923 781 4013 qua
802 3953 837 3995 re
860 3929 1067 3994 vehementer
1088 3933 1209 3996 dubito.
1253 3937 1326 3996 De-

280 4033 354 4100 inde
377 4035 568 4108 vocabulum
588 4029 690 4124 κὰμόν
711 4047 883 4126 propterea
904 4059 955 4100 me
977 4037 1123 4118 offendit,
1154 4041 1323 4126 quoniam,
