2814 4784
722 379 961 448 ...18-

335 568 429 630 ravit.
470 567 584 626 Notum
606 573 662 640 est,
685 562 816 646 Dionysi
838 561 1039 622 simulacrum
1060 558 1091 616 in
1112 555 1235 616 theatro
1258 552 1369 614 collo-

333 685 440 736 catum
470 672 563 734 fuisse
592 670 720 752 eiusque
749 668 948 730 sacerdotem
978 663 1084 726 sedem
1113 660 1278 746 propriam
1301 659 1368 720 ha-

332 781 438 842 buisse
462 777 578 858 (Schol.
603 778 642 839 ad
662 776 819 859 Aristoph.
841 775 919 835 Rau.
941 775 1037 850 δια),
1059 792 1152 854 quam
1173 765 1368 848 Aristopha-

329 909 385 949 nes
415 888 446 948 in
476 885 640 948 Cratinum
669 884 829 960 transfert,
861 903 958 964 quum
989 879 1065 940 dicit
1085 879 1117 938 in
1138 876 1306 958 Equitihus
1327 898 1364 935 v.

329 999 418 1059 aaa:
440 987 477 1055 tv
494 989 768 1074 χρῆν-θεᾶσθαι
787 988 921 1070 λιπαρὰν
941 987 1024 1068 παρὰ
1035 985 1079 1070 τῷ
1095 979 1240 1067 Amico»,
1260 1003 1365 1064 prac-

328 1111 422 1163 terea
451 1099 591 1162 versibus
613 1094 828 1179 Aristophanis
850 1093 883 1153 in
904 1092 1009 1168 Ranis,
1040 1112 1117 1174 quos
1152 1088 1364 1172 disputationi

330 1185 533 1282 inseruimus,
556 1204 581 1265 si
602 1203 708 1264 locum
727 1211 829 1262 totum
851 1199 1025 1260 accuratius
1045 1197 1225 1281 perpendis,
1243 1219 1363 1278 magna

326 1314 410 1374 inest
427 1313 472 1374 vis
492 1321 525 1372 et
548 1309 692 1393 gravitas,
714 1307 937 1391 sententiisque
958 1305 1079 1367 Cratini
1098 1305 1269 1367 severitatis
1285 1304 1362 1388 ple-

327 1419 375 1478 nis
407 1425 616 1500 opponuntur
637 1415 770 1502 aliorum
790 1413 864 1476 vilia
886 1423 917 1478 et
937 1413 1082 1475 scurrilia
1106 1411 1251 1476 dicteria.

406 1523 452 1584 Ex
471 1521 519 1584 his
543 1519 687 1584 omnibus
709 1518 888 1583 luculenter
908 1531 1007 1604 patet,
1038 1519 1202 1580 Cratinum
1221 1517 1358 1580 maxime

326 1627 456 1713 dignum
487 1651 562 1707 esse,
594 1631 648 1714 qui
678 1629 861 1690 comoediae
882 1628 1051 1713 Aeschylus
1073 1626 1265 1702 nominetm',
1287 1647 1355 1688 non

323 1735 426 1797 solum
463 1746 597 1820 propter
626 1736 777 1798 sermonis
806 1735 1039 1812 sublimitatem,
1062 1732 1117 1794 sed
1141 1734 1245 1810 ctiam,
1265 1735 1356 1816 quod

327 1845 447 1928 primus
475 1843 597 1905 certam
619 1853 712 1927 atque
732 1841 845 1903 iustam
859 1843 933 1902 artis
952 1845 1087 1902 formam
1105 1842 1136 1902 in
1154 1839 1354 1902 comoediam
1389 1837 1390 1858 ¹

325 1951 530 2012 transtulerit
581 1951 642 2010 Res
674 1959 720 2010 est
750 1949 823 2010 satis
856 1957 943 2026 nota,
974 1948 1169 2032 tragoediam
1194 1949 1234 2010 ab
1264 1950 1352 2010 unici

260 2135 262 2144 Ι
329 2057 446 2118 actoris
465 2055 614 2140 angustiis
639 2056 815 2138 prolectam
835 2055 927 2116 lentis
948 2055 1139 2116 successibus
1164 2057 1297 2118 crevisse
1320 2069 1351 2120 et

321 2165 363 2226 ad
383 2163 495 2226 florem
514 2163 709 2246 pervenisse3
734 2163 878 2224 Cratinus
902 2171 1017 2239 autem,
1034 2185 1107 2226 cum
1119 2164 1214 2247 primi
1226 2165 1349 2226 Atticae

319 2269 505 2331 comoediae
535 2269 703 2352 scriptores
733 2270 830 2352 magis
859 2269 993 2331 ridendo
1022 2280 1054 2331 et
1082 2271 1162 2331 ludis
1191 2269 1232 2330 ad
1253 2269 1347 2330 iustas

316 2377 440 2437 fabulas
466 2395 580 2459 parum
607 2383 755 2436 accurate
775 2374 880 2436 relatis
903 2397 1012 2437 coram
1033 2375 1153 2459 populo
1175 2387 1346 2438 scommata

270 2471 276 2482 “
318 2489 353 2541 ct
379 2480 443 2542 tela
472 2479 587 2539 acerba
614 2478 648 2538 in
670 2480 813 2562 aequales
833 2481 997 2558 misissent,
1024 2482 1174 2542 idoneum
1192 2505 1346 2564 persona·
1387 2561 1388 2564 Ἴ

318 2607 395 2646 rum
421 2605 591 2645 numerum
624 2586 797 2663 constrtuit,
818 2586 992 2670 fabulisque
1014 2586 1293 2668 amplificationem
1315 2601 1368 2664 et¹

315 2701 468 2752 ornatum
495 2689 616 2752 tribuit.
670 2691 840 2753 Comoedia
861 2691 968 2776 igitur,
998 2701 1034 2752 ut
1054 2693 1130 2754 scite
1152 2707 1345 2758 monuerunt

315 2797 378 2858 viri
411 2797 507 2874 docti,
539 2795 721 2880 dignitatem
752 2809 844 2860 nacta
877 2809 924 2861 est
945 2799 1098 2861 diminuto
1120 2810 1264 2864 actorum
1284 2827 1344 2864 nu-

314 2925 427 2980 mero,
454 2913 491 2990 ut
511 2903 673 2986 tragoedia
694 2903 855 2988 ampliat03
885 2906 998 2967 mansit
1018 2917 1123 2968 tamen
1143 2909 1175 2968 in
1198 2930 1234 2970 ea
1254 2921 1342 2972 vetus

312 3009 438 3071 indoles
460 3015 545 3090 artis,
567 3023 602 3074 ut
622 3014 731 3097 viginti
753 3025 890 3097 quatuor
913 3015 1072 3078 choreutis
1094 3018 1257 3100 gauderet,
1277 3031 1344 3080 tra-

315 3116 429 3198 goedia
449 3118 636 3210 plerumque
658 3119 839 3202 quindecim
859 3132 1010 3184 contenta
1028 3134 1116 3186 essct.
1157 3128 1194 3188 Iu
1214 3147 1342 3189 comoe-

311 3221 386 3280 diae
408 3207 540 3305 origine,
563 3225 601 3286 de
623 3248 684 3309 qua
705 3229 832 3289 uberius
853 3251 946 3312 agere
969 3230 1106 3291 alienum
1129 3243 1176 3294 est
1197 3258 1215 3295 a
1232 3247 1341 3298 nostro

311 3327 459 3402 consilio,
479 3329 558 3392 haec
581 3332 750 3416 disputatio
771 3336 1012 3397 fiandamentum
1023 3337 1119 3399 habet
1136 3348 1201 3399 tam
1217 3341 1341 3403 certum

311 3445 346 3496 ct
368 3436 504 3512 firmum,
538 3448 574 3500 ut
602 3440 650 3502 vix
672 3439 791 3525 aliquid
812 3441 886 3502 addi
909 3442 1032 3509 debeat.
1073 3447 1214 3508 Dubium
1236 3458 1341 3511 autem

313 3562 381 3602 csse
401 3543 521 3627 nequit,
550 3547 626 3628 quin
656 3556 741 3608 totus
772 3569 885 3610 scenae
909 3551 1050 3613 comicae
1072 3562 1238 3636 apparatus
1263 3555 1341 3615 Cra-

309 3646 372 3706 tini
393 3648 519 3732 ingenio
539 3652 655 3734 partim
670 3653 814 3716 inventus
831 3657 880 3731 sit,
898 3658 1013 3740 partim
1033 3661 1072 3722 ab
1090 3659 1256 3744 Aeschylo,
1273 3670 1340 3722 tra-

311 3754 445 3837 goediae
466 3766 594 3837 stature,
616 3769 727 3819 mutuo
750 3773 879 3839 sumtns,
902 3763 953 3823 cui
974 3764 1026 3827 ille
1042 3767 1072 3826 vi
1092 3766 1219 3849 poetica
1242 3767 1339 3828 simil-

309 3859 402 3921 limus
435 3861 631 3944 perhibetur.
683 3865 812 3931 Cratino
845 3867 979 3936 florente
1010 3873 1195 3936 conticescit
1222 3897 1338 3936 nomen

235 3961 236 3966 ἵ
308 3967 473 4052 aovypdrh,
497 3979 529 4031 et
549 3969 772 4053 similia„quae
793 3974 825 4032 in
845 3975 963 4057 primos
986 3988 1018 4040 et
1037 3978 1132 4040 rudes
1154 3981 1337 4044 comoediae

304 4083 456 4139 auctores
480 4077 680 4153 restructum
715 4099 817 4168 aeque
837 4080 965 4146 riudam
986 4083 1112 4148 laudem
1135 4086 1167 4150 iu
1190 4109 1263 4152 eum
1285 4111 1338 4154 ac·-
