2846 4788
468 379 707 448 ...77-

73 579 203 626 mannas
234 561 266 626 in
296 572 413 626 textum
443 561 636 624 scholiastae
655 562 788 646 recepit,
817 559 1000 628 Diudorfius
1021 585 1097 628 vcro

72 673 104 732 iu
128 695 183 733 sua
204 671 342 734 editione
363 668 561 730 Scholiarum
582 651 796 752 Aristophanis
819 671 863 730 sic
886 671 1022 752 imprimi
1041 695 1094 736 cu-

70 780 177 840 rabat=
206 775 287 863 φησί
311 775 346 840 δὲ
375 777 532 860 Κρατῖνος
553 772 748 858 instirpare.
797 775 960 859 Quidquid
981 788 1098 842 statuu-

68 905 149 962 mus,
170 885 233 945 hoc
253 905 313 966 pro
336 891 424 944 ce1to
446 883 627 944 confirmari
645 893 760 972 potest,
781 883 988 944 Scholiastam
1006 886 1096 946 nohis

67 1014 134 1052 non
161 991 301 1052 fabulam
323 989 444 1052 Cratini
460 981 661 1070 Ἐπιλὴσμων
684 989 868 1074 inscriptam
888 991 1018 1054 laudare
1040 993 1095 1056 sed
1117 1041 1119 1048 .

65 1099 209 1182 exempla
237 1097 392 1182 quaedam
420 1119 455 1159 ex
482 1099 584 1181 poetis
611 1097 748 1159 comicis.
763 1097 957 1161 diversarum
977 1101 1097 1160 forma-

65 1228 140 1266 rum
163 1206 310 1267 vocabuli
334 1200 515 1287 inalienare
538 1212 571 1266 et
592 1204 805 1266 derivatorum
829 1205 1096 1267 substantivorum
1182 1277 1188 1286 .

66 1311 195 1374 tradere
225 1312 369 1376 voluisse.
416 1313 561 1373 Fortasse
582 1311 645 1374 hoc
666 1312 855 1373 vocabulum
880 1334 915 1374 er
944 1310 1094 1396 Pauoptis

64 1418 243 1480 desumunt
272 1428 328 1494 est,
361 1417 400 1479 de
427 1420 538 1502 quibus
560 1437 654 1501 supra
676 1419 805 1480 diximus
828 1417 869 1479 ad
888 1417 1027 1501 spuriam
1047 1418 1095 1477 sa-

63 1523 181 1600 bulum,
207 1547 288 1607 quae
309 1527 366 1586 suh
388 1528 516 1590 nomine
537 1521 857 1610 ’.Αλλοτριογνώμονες
877 1524 1050 1588 ferebatur.
1134 1606 1141 1618 Ι

146 1626 330 1714 Θράσων.
380 1631 552 1715 Hesychius
583 1651 611 1690 v.
630 1625 832 1714 Ἀπέφρησαν
854 1629 949 1691 dicit:
972 1630 1094 1712 Κρατῖ-

60 1753 125 1808 νος·
148 1733 287 1818 Θράσυν,
308 1737 395 1820 quod
416 1737 570 1798 Meursius
602 1737 636 1796 iu
666 1735 805 1796 Biblotb.
834 1735 938 1797 Attica
958 1737 1093 1796 mutavit
1167 1801 1170 1806 ,

59 1841 93 1900 iu
116 1839 252 1924 Θράσων
274 1853 368 1926 atque
394 1845 523 1906 Cratino
544 1844 626 1906 hanc
647 1843 787 1905 fabulam
812 1840 935 1912 tribuit,
966 1839 1093 1925 qualem

60 1946 219 2028 scripsisse
247 1958 352 2008 tamen
378 1969 532 2031 nusquam
562 1950 732 2032 reperitur.
786 1945 856 2008 Viri
887 1947 973 2010 docti
1003 1948 1107 2010 varias

56 2052 267 2112 coniecerunt
289 2053 339 2125 (cf.
362 2051 496 2134 Interpr.
521 2054 561 2112 ad
581 2055 713 2135 Hesych.
737 2055 756 2112 l.
780 2054 837 2130 e).
879 2051 926 2114 Ut
948 2053 1091 2116 breviter

50 2156 177 2229 dicam,
201 2153 369 2236 legendnm
387 2156 512 2218 videtur
536 2154 701 2239 Θράτταις,
725 2159 775 2217 cui
797 2159 878 2220 inest
901 2159 1009 2218 titulus
1033 2179 1091 2216 co-

55 2259 204 2322 moediae
233 2271 377 2326 veterum
406 2263 590 2324 testimoniis
619 2264 691 2324 satis
719 2263 899 2324 celebratae
924 2263 975 2338 (cf.
999 2261 1086 2322 Suid.

52 2357 246 2430 Ὀκτῶπουν.
267 2367 347 2429 Poll.
371 2369 424 2430 IX.
447 2393 496 2452 9¹·
518 2369 558 2431 Xe
585 2375 653 2434 160.
676 2369 715 2431 X.
738 2375 787 2454 67.
812 2365 945 2456 Hesyeh3
971 2365 1088 2449 Alloy.

51 2495 121 2551 χος.
153 2471 337 2554 §assequtus
360 2471 547 2558 Harpocrat.
574 2467 764 2561 Ἀρκτωρὸς,
785 2475 891 2537 Schol.
918 2473 957 2534 ad
980 2471 1087 2535 Hecu-

54 2577 128 2646 bam
148 2577 308 2666 Euripidis
332 2585 400 2646 838.
414 2579 506 2644 Phot.
521 2586 593 2646 Lex.
614 2579 774 2664 Κῦβηβον.
789 2577 981 2650 Ὀκτώπουν.
999 2581 1084 2641 Plut.

54 2685 110 2746 vit.
141 2684 256 2746 Pericl.
290 2709 317 2748 c.
351 2693 398 2752 13.
427 2687 579 2750 Priscian.
606 2710 638 2774 p.
670 2693 757 2754 1183.
783 2711 830 2754 η.
858 2690 906 2752 od.
930 2689 1085 2764 Putsch.).

54 2783 217 2854 Facillime
240 2792 309 2854 fieri
330 2803 467 2876 poterat,
489 2806 525 2857 ut
549 2798 770 2881 grammaticus
793 2797 932 2858 dativum
945 2793 1082 2878 pluralis

54 2899 178 2959 numeri
195 2897 342 2960 vocabuli
362 2894 500 2986 Θρᾶτται
515 2905 669 2964 formaret
686 2905 717 2962 in
739 2902 882 2982 Opuoua'v
897 2921 957 2983 pro
978 2895 1082 2981 Θρᾶτ-

50 3024 119 3078 ταις
142 3005 225 3066 unde
247 3007 331 3090 apud
352 2993 429 3069 alios
456 3015 525 3071 orta
544 3020 590 3072 est
608 3005 702 3070 lectio
721 3003 858 3089 Θράσων,
874 3003 992 3086 Θραξῖν
1006 3012 1078 3078 eto,

49 3131 133 3192 quac
156 3113 259 3172 omniu
280 3126 450 3176 recurrunt
471 3115 511 3176 ad
532 3138 626 3176 unam
639 3114 807 3198 genuinam
820 3111 959 3172 fabulam
975 3107 1079 3194 Θράτ.

49 3239 100 3278 ται
120 3217 316 3300 inscriptum.

133 3320 257 3408 Θρᾷξ.
301 3325 335 3383 ln
356 3324 488 3388 Beklreri
508 3323 678 3388 Aneodotis
701 3328 756 3388 Gr.
778 3348 810 3408 p·
836 3346 902 3406 104.
928 3329 977 3392 18..
999 3325 1077 3409 legi-

48 3415 115 3486 tur:
143 3424 360 3503 Κακόδουλος·
389 3433 546 3515 Κρατῖνος
578 3433 690 3516 &opud
749 3431 954 3494 Comoediam
982 3431 1075 3490 buius

48 3533 182 3594 nominis
212 3556 277 3594 non
307 3535 347 3597 ed
379 3537 542 3600 Cratinum
572 3539 687 3601 referri
716 3560 806 3622 posse
827 3538 883 3598 sed
905 3538 1011 3597 locum
1034 3534 1075 3596 ad

48 3640 196 3717 rationes,
224 3661 301 3724 quas
323 3642 418 3704 modo
442 3643 480 3706 de
502 3645 594 3706 simili
614 3645 721 3707 fabula
743 3645 948 3729 exposuimus,
980 3664 1073 3704 rovo-

47 3746 181 3807 caudum
202 3769 279 3824 esse,
306 3750 519 3834 unusquisque
539 3751 625 3813 haud
645 3752 740 3814 dubie
764 3752 920 3834 intelligia

121 3845 260 3928 'liuidae⁸
318 3856 405 3918 Haec
441 3881 569 3943 quoque
604 3860 771 3922 comoedia
801 3859 921 3920 Cratini
954 3877 1071 3917 nomen
1140 3893 1144 3902 ·

44 3958 205 4035 mentitur,
232 3983 411 4046 quanquam
440 3965 609 4050 Hesychius
638 3989 666 4026 v.
689 3963 811 4049 Αἴθρια
831 3983 955 4028 versum
976 3984 1012 4023 ex
1034 3983 1071 4022 ea

45 4059 159 4142 laudat,
194 4066 317 4130 dicens:
351 4071 507 4152 Κρατῖνος
534 4065 673 4137 Ἰλιάσιν.
737 4075 802 4135 lam
833 4070 998 4154 Sopingius
1031 4063 1071 4126 ad

851 4166 874 4232 6
