<?xml version="1.0" encoding="UTF-8"?>
<!DOCTYPE html PUBLIC "-//W3C//DTD XHTML 1.0 Transitional//EN"
    "http://www.w3.org/TR/xhtml1/DTD/xhtml1-transitional.dtd">
<html xmlns="http://www.w3.org/1999/xhtml" xml:lang="en" lang="en">
 <head>
  <title>
</title>
<meta http-equiv="Content-Type" content="text/html;charset=utf-8" />
  <meta name='ocr-system' content='tesseract 3.04.00' />
  <meta name='ocr-capabilities' content='ocr_page ocr_carea ocr_par ocr_line ocrx_word'/>
</head>
<body>
  <div class='ocr_page' id='page_1' title='image "./cratinuseteupol00lucagoog_0100.png"; bbox 0 0 2846 4788; ppageno 0'>
   <div class='ocr_carea' id='block_1_1' title="bbox 441 379 712 448">
    <p class='ocr_par' dir='ltr' id='par_1_1' title="bbox 441 379 712 448">
     <span class='ocr_line' id='line_1_1' title="bbox 441 379 712 448; baseline -0.022 -18"><span class='ocrx_word' id='word_1_1' title='bbox 441 379 712 448; x_wconf 73' lang='lat'>.-91..</span> 
     </span>
    </p>
   </div>
   <div class='ocr_carea' id='block_1_2' title="bbox 79 558 1203 4178">
    <p class='ocr_par' dir='ltr' id='par_1_2' title="bbox 80 558 1108 734">
     <span class='ocr_line' id='line_1_2' title="bbox 83 558 1108 644; baseline 0.006 -24"><span class='ocrx_word' id='word_1_2' title='bbox 83 581 150 620; x_wconf 88' lang='lat' dir='ltr'><strong>rem</strong></span> <span class='ocrx_word' id='word_1_3' title='bbox 172 558 353 644; x_wconf 87' lang='lat' dir='ltr'>opinionem</span> <span class='ocrx_word' id='word_1_4' title='bbox 375 578 410 622; x_wconf 84' lang='lat' dir='ltr'><strong>er</strong></span> <span class='ocrx_word' id='word_1_5' title='bbox 431 559 537 621; x_wconf 87' lang='lat' dir='ltr'><strong>Schol.</strong></span> <span class='ocrx_word' id='word_1_6' title='bbox 557 561 630 621; x_wconf 83' lang='lat' dir='ltr'><strong>Aer.</strong></span> <span class='ocrx_word' id='word_1_7' title='bbox 653 569 776 622; x_wconf 79' lang='lat' dir='ltr'><strong>secutus</strong></span> <span class='ocrx_word' id='word_1_8' title='bbox 800 570 847 622; x_wconf 86' lang='lat' dir='ltr'><strong>est</strong></span> <span class='ocrx_word' id='word_1_9' title='bbox 868 583 998 644; x_wconf 87' lang='lat' dir='ltr'><strong>magnus</strong></span> <span class='ocrx_word' id='word_1_10' title='bbox 1011 561 1108 626; x_wconf 79' lang='lat' dir='ltr'><strong>Bent-</strong></span> 
     </span>
     <span class='ocr_line' id='line_1_3' title="bbox 80 667 725 734; baseline 0.006 -8"><span class='ocrx_word' id='word_1_11' title='bbox 80 667 168 734; x_wconf 88' lang='lat' dir='ltr'><strong>leius.</strong></span> <span class='ocrx_word' id='word_1_12' title='bbox 210 669 257 729; x_wconf 82' lang='lat' dir='ltr'><strong>cf.</strong></span> <span class='ocrx_word' id='word_1_13' title='bbox 279 667 444 729; x_wconf 82' lang='lat' dir='ltr'><strong>Heindorf.</strong></span> <span class='ocrx_word' id='word_1_14' title='bbox 468 667 508 728; x_wconf 85' lang='lat' dir='ltr'><strong>ad</strong></span> <span class='ocrx_word' id='word_1_15' title='bbox 528 667 640 730; x_wconf 81' lang='lat' dir='ltr'><strong>Horat.</strong></span> <span class='ocrx_word' id='word_1_16' title='bbox 659 668 680 728; x_wconf 90' lang='grc' dir='ltr'><strong>Ι.</strong></span> <span class='ocrx_word' id='word_1_17' title='bbox 702 667 725 730; x_wconf 91' lang='grc' dir='ltr'><strong>Ι.</strong></span> 
     </span>
    </p>

    <p class='ocr_par' dir='ltr' id='par_1_3' title="bbox 79 773 1170 1824">
     <span class='ocr_line' id='line_1_4' title="bbox 161 773 1109 858; baseline 0.004 -22"><span class='ocrx_word' id='word_1_18' title='bbox 161 775 290 858; x_wconf 87' lang='lat' dir='ltr'>Eupolis</span> <span class='ocrx_word' id='word_1_19' title='bbox 320 783 415 857; x_wconf 87' lang='lat' dir='ltr'><strong>atque</strong></span> <span class='ocrx_word' id='word_1_20' title='bbox 447 773 592 835; x_wconf 78' lang='lat' dir='ltr'><strong>Cratinus</strong></span> <span class='ocrx_word' id='word_1_21' title='bbox 624 775 657 835; x_wconf 91' lang='lat' dir='ltr'><strong>in</strong></span> <span class='ocrx_word' id='word_1_22' title='bbox 687 773 909 836; x_wconf 83' lang='lat' dir='ltr'><strong>adumbrundis</strong></span> <span class='ocrx_word' id='word_1_23' title='bbox 931 774 1109 840; x_wconf 77' lang='lat' dir='ltr'><strong>fabularum</strong></span> 
     </span>
     <span class='ocr_line' id='line_1_5' title="bbox 81 881 1170 968; baseline 0.003 -26"><span class='ocrx_word' id='word_1_24' title='bbox 81 884 271 968; x_wconf 77' lang='lat' dir='ltr'><strong>argumentis</strong></span> <span class='ocrx_word' id='word_1_25' title='bbox 302 881 460 942; x_wconf 78' lang='lat' dir='ltr'><strong>diversum</strong></span> <span class='ocrx_word' id='word_1_26' title='bbox 489 881 654 942; x_wconf 90' lang='lat' dir='ltr'><strong>consilium</strong></span> <span class='ocrx_word' id='word_1_27' title='bbox 676 882 775 942; x_wconf 88' lang='lat' dir='ltr'><strong>secuti</strong></span> <span class='ocrx_word' id='word_1_28' title='bbox 799 892 887 952; x_wconf 90' lang='lat' dir='ltr'><strong>sunt;</strong></span> <span class='ocrx_word' id='word_1_29' title='bbox 916 881 968 942; x_wconf 90' lang='lat' dir='ltr'><strong>hic</strong></span> <span class='ocrx_word' id='word_1_30' title='bbox 991 903 1008 943; x_wconf 91' lang='lat' dir='ltr'><strong>e</strong></span> <span class='ocrx_word' id='word_1_31' title='bbox 1033 883 1110 946; x_wconf 89' lang='lat' dir='ltr'><strong>deo·</strong></span> <span class='ocrx_word' id='word_1_32' title='bbox 1167 943 1170 958; x_wconf 75' lang='grc'><strong><em>,</em></strong></span> 
     </span>
     <span class='ocr_line' id='line_1_6' title="bbox 80 987 1110 1072; baseline -0.002 -21"><span class='ocrx_word' id='word_1_33' title='bbox 80 1013 153 1051; x_wconf 87' lang='lat' dir='ltr'><strong>rum</strong></span> <span class='ocrx_word' id='word_1_34' title='bbox 182 999 214 1050; x_wconf 90' lang='lat' dir='ltr'><strong>et</strong></span> <span class='ocrx_word' id='word_1_35' title='bbox 233 989 369 1049; x_wconf 88' lang='lat' dir='ltr'><strong>heroum</strong></span> <span class='ocrx_word' id='word_1_36' title='bbox 388 987 501 1072; x_wconf 91' lang='lat' dir='ltr'><strong>mythis</strong></span> <span class='ocrx_word' id='word_1_37' title='bbox 524 988 575 1049; x_wconf 85' lang='lat' dir='ltr'><strong>vel</strong></span> <span class='ocrx_word' id='word_1_38' title='bbox 600 1010 616 1049; x_wconf 91' lang='lat' dir='ltr'><strong>e</strong></span> <span class='ocrx_word' id='word_1_39' title='bbox 639 988 740 1049; x_wconf 85' lang='lat' dir='ltr'><strong>veteri</strong></span> <span class='ocrx_word' id='word_1_40' title='bbox 763 988 896 1049; x_wconf 85' lang='lat' dir='ltr'><strong>cuiusvis</strong></span> <span class='ocrx_word' id='word_1_41' title='bbox 920 988 1038 1049; x_wconf 83' lang='lat' dir='ltr'><strong>ordinis</strong></span> <span class='ocrx_word' id='word_1_42' title='bbox 1060 989 1110 1049; x_wconf 95' lang='lat' dir='ltr'><strong>hi-</strong></span> 
     </span>
     <span class='ocr_line' id='line_1_7' title="bbox 80 1093 1111 1177; baseline 0 -21"><span class='ocrx_word' id='word_1_43' title='bbox 80 1096 179 1158; x_wconf 84' lang='lat' dir='ltr'><strong>storia</strong></span> <span class='ocrx_word' id='word_1_44' title='bbox 202 1105 421 1176; x_wconf 78' lang='lat' dir='ltr'><strong>argumentum</strong></span> <span class='ocrx_word' id='word_1_45' title='bbox 441 1094 589 1155; x_wconf 87' lang='lat' dir='ltr'><strong>haustum</strong></span> <span class='ocrx_word' id='word_1_46' title='bbox 610 1105 664 1154; x_wconf 87' lang='lat' dir='ltr'><strong>aut</strong></span> <span class='ocrx_word' id='word_1_47' title='bbox 685 1093 764 1154; x_wconf 88' lang='lat' dir='ltr'><strong>illud</strong></span> <span class='ocrx_word' id='word_1_48' title='bbox 785 1095 887 1177; x_wconf 89' lang='lat' dir='ltr'><strong>ipsum</strong></span> <span class='ocrx_word' id='word_1_49' title='bbox 909 1094 1030 1155; x_wconf 84' lang='lat' dir='ltr'><strong>comice</strong></span> <span class='ocrx_word' id='word_1_50' title='bbox 1044 1103 1111 1156; x_wconf 83' lang='lat' dir='ltr'><strong>tra-</strong></span> 
     </span>
     <span class='ocr_line' id='line_1_8' title="bbox 80 1199 1112 1285; baseline 0 -22"><span class='ocrx_word' id='word_1_51' title='bbox 80 1204 199 1279; x_wconf 86' lang='lat' dir='ltr'><strong>ctabat,</strong></span> <span class='ocrx_word' id='word_1_52' title='bbox 222 1214 276 1262; x_wconf 89' lang='lat' dir='ltr'><strong>aut</strong></span> <span class='ocrx_word' id='word_1_53' title='bbox 300 1203 538 1285; x_wconf 86' lang='lat' dir='ltr'><strong>comparatione</strong></span> <span class='ocrx_word' id='word_1_54' title='bbox 561 1201 635 1262; x_wconf 85' lang='lat' dir='ltr'><strong>inde</strong></span> <span class='ocrx_word' id='word_1_55' title='bbox 655 1201 797 1263; x_wconf 85' lang='lat' dir='ltr'><strong>instituta</strong></span> <span class='ocrx_word' id='word_1_56' title='bbox 820 1199 861 1260; x_wconf 90' lang='lat' dir='ltr'><strong>ad</strong></span> <span class='ocrx_word' id='word_1_57' title='bbox 882 1215 1031 1284; x_wconf 86' lang='lat' dir='ltr'><strong>suamque</strong></span> <span class='ocrx_word' id='word_1_58' title='bbox 1057 1223 1112 1263; x_wconf 88' lang='lat' dir='ltr'><strong>ae-</strong></span> 
     </span>
     <span class='ocr_line' id='line_1_9' title="bbox 79 1307 1110 1392; baseline -0.004 -22"><span class='ocrx_word' id='word_1_59' title='bbox 79 1319 179 1370; x_wconf 90' lang='lat' dir='ltr'><strong>tatem</strong></span> <span class='ocrx_word' id='word_1_60' title='bbox 206 1309 306 1369; x_wconf 87' lang='lat' dir='ltr'><strong>relata</strong></span> <span class='ocrx_word' id='word_1_61' title='bbox 338 1308 483 1392; x_wconf 78' lang='lat' dir='ltr'><strong>aequales</strong></span> <span class='ocrx_word' id='word_1_62' title='bbox 522 1329 592 1368; x_wconf 93' lang='lat' dir='ltr'><strong>suos</strong></span> <span class='ocrx_word' id='word_1_63' title='bbox 623 1310 775 1370; x_wconf 83' lang='lat' dir='ltr'><strong>atrociter</strong></span> <span class='ocrx_word' id='word_1_64' title='bbox 796 1309 983 1390; x_wconf 83' lang='lat' dir='ltr'><strong>castigabat3</strong></span> <span class='ocrx_word' id='word_1_65' title='bbox 1006 1307 1058 1368; x_wconf 91' lang='lat' dir='ltr'><strong>ille</strong></span> <span class='ocrx_word' id='word_1_66' title='bbox 1078 1307 1110 1367; x_wconf 90' lang='lat' dir='ltr'><strong>in</strong></span> 
     </span>
     <span class='ocr_line' id='line_1_10' title="bbox 81 1414 1112 1499; baseline 0 -24"><span class='ocrx_word' id='word_1_67' title='bbox 81 1439 137 1476; x_wconf 86' lang='lat' dir='ltr'><strong>sua</strong></span> <span class='ocrx_word' id='word_1_68' title='bbox 159 1425 261 1478; x_wconf 85' lang='lat' dir='ltr'><strong>aetate</strong></span> <span class='ocrx_word' id='word_1_69' title='bbox 283 1414 411 1476; x_wconf 89' lang='lat' dir='ltr'><strong>omnino</strong></span> <span class='ocrx_word' id='word_1_70' title='bbox 435 1415 504 1476; x_wconf 84' lang='lat' dir='ltr'><strong>fere</strong></span> <span class='ocrx_word' id='word_1_71' title='bbox 526 1415 693 1476; x_wconf 86' lang='lat' dir='ltr'><strong>subsistens</strong></span> <span class='ocrx_word' id='word_1_72' title='bbox 715 1415 924 1499; x_wconf 85' lang='lat' dir='ltr'><strong>reipublicae</strong></span> <span class='ocrx_word' id='word_1_73' title='bbox 939 1414 1112 1477; x_wconf 87' lang='lat' dir='ltr'><strong>Athenien-</strong></span> 
     </span>
     <span class='ocr_line' id='line_1_11' title="bbox 81 1520 1112 1605; baseline 0.001 -25"><span class='ocrx_word' id='word_1_74' title='bbox 81 1522 162 1582; x_wconf 88' lang='lat' dir='ltr'><strong>sium</strong></span> <span class='ocrx_word' id='word_1_75' title='bbox 192 1521 296 1584; x_wconf 92' lang='lat' dir='ltr'><strong>lahem</strong></span> <span class='ocrx_word' id='word_1_76' title='bbox 327 1533 358 1584; x_wconf 91' lang='lat' dir='ltr'><strong>et</strong></span> <span class='ocrx_word' id='word_1_77' title='bbox 387 1521 635 1598; x_wconf 83' lang='lat' dir='ltr'><strong>vitia‘notabat,</strong></span> <span class='ocrx_word' id='word_1_78' title='bbox 667 1520 765 1583; x_wconf 89' lang='lat' dir='ltr'><strong>veluti</strong></span> <span class='ocrx_word' id='word_1_79' title='bbox 797 1521 969 1598; x_wconf 86' lang='lat' dir='ltr'><strong>sententiis,</strong></span> <span class='ocrx_word' id='word_1_80' title='bbox 1000 1522 1112 1605; x_wconf 89' lang='lat' dir='ltr'><strong>quibus</strong></span> 
     </span>
     <span class='ocr_line' id='line_1_12' title="bbox 80 1611 1112 1712; baseline 0 -24"><span class='ocrx_word' id='word_1_81' title='bbox 80 1629 318 1692; x_wconf 82' lang='lat' dir='ltr'><strong>Atheniensium</strong></span> <span class='ocrx_word' id='word_1_82' title='bbox 340 1629 374 1690; x_wconf 90' lang='lat' dir='ltr'><strong>iu</strong></span> <span class='ocrx_word' id='word_1_83' title='bbox 395 1611 558 1712; x_wconf 77' lang='lat' dir='ltr'><strong>capiendis</strong></span> <span class='ocrx_word' id='word_1_84' title='bbox 577 1626 713 1688; x_wconf 88' lang='lat' dir='ltr'><strong>consiliis</strong></span> <span class='ocrx_word' id='word_1_85' title='bbox 730 1631 882 1688; x_wconf 78' lang='lat' dir='ltr'><strong>summam</strong></span> <span class='ocrx_word' id='word_1_86' title='bbox 898 1629 1112 1691; x_wconf 83' lang='lat' dir='ltr'><strong>temeritatem</strong></span> 
     </span>
     <span class='ocr_line' id='line_1_13' title="bbox 80 1731 979 1824; baseline -0.009 -26"><span class='ocrx_word' id='word_1_87' title='bbox 80 1736 295 1820; x_wconf 72' lang='grc' dir='ltr'><strong><em>(δυσβουλίαν)</em></strong></span> <span class='ocrx_word' id='word_1_88' title='bbox 319 1731 573 1797; x_wconf 78' lang='lat' dir='ltr'><strong>demonstrabat:</strong></span> <span class='ocrx_word' id='word_1_89' title='bbox 976 1809 979 1824; x_wconf 40' lang='grc' dir='ltr'>Ι</span> 
     </span>
    </p>

    <p class='ocr_par' dir='ltr' id='par_1_4' title="bbox 164 1832 1043 1922">
     <span class='ocr_line' id='line_1_14' title="bbox 164 1832 1043 1922; baseline -0.008 -16"><span class='ocrx_word' id='word_1_90' title='bbox 164 1840 227 1918; x_wconf 74' lang='grc' dir='ltr'><strong>Οὓς</strong></span> <span class='ocrx_word' id='word_1_91' title='bbox 249 1845 280 1905; x_wconf 80' lang='lat' dir='ltr'><strong>‹l’</strong></span> <span class='ocrx_word' id='word_1_92' title='bbox 301 1837 358 1905; x_wconf 76' lang='grc' dir='ltr'><strong>οὐκ</strong></span> <span class='ocrx_word' id='word_1_93' title='bbox 379 1834 417 1904; x_wconf 76' lang='lat' dir='ltr'><strong>clv</strong></span> <span class='ocrx_word' id='word_1_94' title='bbox 441 1842 556 1905; x_wconf 70' lang='grc' dir='ltr'><strong><em>ελλεσθ’</em></strong></span> <span class='ocrx_word' id='word_1_95' title='bbox 576 1833 644 1904; x_wconf 74' lang='grc' dir='ltr'><strong><em>οὔδ’</em></strong></span> <span class='ocrx_word' id='word_1_96' title='bbox 666 1832 706 1904; x_wconf 72' lang='lat' dir='ltr'><strong>civ</strong></span> <span class='ocrx_word' id='word_1_97' title='bbox 726 1835 871 1913; x_wconf 84' lang='grc' dir='ltr'><strong><em>οἷνόπτας</em></strong></span> <span class='ocrx_word' id='word_1_98' title='bbox 891 1838 952 1922; x_wconf 82' lang='grc' dir='ltr'><strong>πρό</strong></span> <span class='ocrx_word' id='word_1_99' title='bbox 974 1837 1043 1916; x_wconf 78' lang='grc' dir='ltr'><strong><em>τοῦ,</em></strong></span> 
     </span>
    </p>

    <p class='ocr_par' dir='ltr' id='par_1_5' title="bbox 163 1938 946 2030">
     <span class='ocr_line' id='line_1_15' title="bbox 163 1938 946 2030; baseline -0.004 -19"><span class='ocrx_word' id='word_1_100' title='bbox 163 1948 233 2012; x_wconf 81' lang='grc' dir='ltr'><strong>νανί</strong></span> <span class='ocrx_word' id='word_1_101' title='bbox 253 1947 445 2030; x_wconf 76' lang='grc' dir='ltr'><strong><em>στρατηγούς</em></strong></span> <span class='ocrx_word' id='word_1_102' title='bbox 468 1943 655 2027; x_wconf 74' lang='grc' dir='ltr'><strong><em>λεύσσομεμ·</em></strong></span> <span class='ocrx_word' id='word_1_103' title='bbox 677 1938 703 2009; x_wconf 75' lang='grc' dir='ltr'><em>ὦ</em></span> <span class='ocrx_word' id='word_1_104' title='bbox 723 1943 824 2024; x_wconf 81' lang='grc' dir='ltr'><strong><em>πόλις,</em></strong></span> <span class='ocrx_word' id='word_1_105' title='bbox 844 1941 946 2024; x_wconf 82' lang='grc' dir='ltr'><strong><em>πόλις,</em></strong></span> 
     </span>
    </p>

    <p class='ocr_par' dir='ltr' id='par_1_6' title="bbox 163 2044 871 2137">
     <span class='ocr_line' id='line_1_16' title="bbox 163 2044 871 2137; baseline 0.004 -25"><span class='ocrx_word' id='word_1_106' title='bbox 163 2049 206 2124; x_wconf 82' lang='grc' dir='ltr'><strong>ὡς</strong></span> <span class='ocrx_word' id='word_1_107' title='bbox 224 2047 352 2132; x_wconf 71' lang='grc' dir='ltr'><strong><em>εὐτυχὴς</em></strong></span> <span class='ocrx_word' id='word_1_108' title='bbox 376 2044 406 2114; x_wconf 78' lang='grc' dir='ltr'><strong>εἶ</strong></span> <span class='ocrx_word' id='word_1_109' title='bbox 423 2053 546 2131; x_wconf 83' lang='grc' dir='ltr'><strong><em>μᾶλλον</em></strong></span> <span class='ocrx_word' id='word_1_110' title='bbox 566 2046 587 2132; x_wconf 80' lang='grc' dir='ltr'><em>ἢ</em></span> <span class='ocrx_word' id='word_1_111' title='bbox 607 2054 711 2126; x_wconf 77' lang='grc' dir='ltr'><strong><em>καλῶς</em></strong></span> <span class='ocrx_word' id='word_1_112' title='bbox 732 2055 871 2137; x_wconf 65' lang='lat' dir='ltr'><strong>aposta!</strong></span> 
     </span>
    </p>

    <p class='ocr_par' dir='ltr' id='par_1_7' title="bbox 80 2155 1116 2539">
     <span class='ocr_line' id='line_1_17' title="bbox 80 2155 1113 2242; baseline -0.001 -23"><span class='ocrx_word' id='word_1_113' title='bbox 80 2159 196 2222; x_wconf 86' lang='lat' dir='ltr'><strong>Athen.</strong></span> <span class='ocrx_word' id='word_1_114' title='bbox 217 2161 258 2218; x_wconf 89' lang='lat' dir='ltr'><strong>X.</strong></span> <span class='ocrx_word' id='word_1_115' title='bbox 279 2182 311 2240; x_wconf 87' lang='lat' dir='ltr'><strong>p.</strong></span> <span class='ocrx_word' id='word_1_116' title='bbox 333 2164 402 2239; x_wconf 72' lang='lat'><strong>425.</strong></span> <span class='ocrx_word' id='word_1_117' title='bbox 422 2161 460 2218; x_wconf 85' lang='lat' dir='ltr'><strong>A..</strong></span> <span class='ocrx_word' id='word_1_118' title='bbox 483 2157 593 2219; x_wconf 85' lang='lat' dir='ltr'><strong>Suidas</strong></span> <span class='ocrx_word' id='word_1_119' title='bbox 613 2182 644 2219; x_wconf 86' lang='lat' dir='ltr'><strong>v.</strong></span> <span class='ocrx_word' id='word_1_120' title='bbox 664 2155 838 2240; x_wconf 74' lang='grc' dir='ltr'><strong><em>Αθηναιλον</em></strong></span> <span class='ocrx_word' id='word_1_121' title='bbox 859 2155 1042 2240; x_wconf 77' lang='grc' dir='ltr'><strong><em>δοσβουλιλν,</em></strong></span> <span class='ocrx_word' id='word_1_122' title='bbox 1060 2159 1113 2242; x_wconf 88' lang='lat' dir='ltr'><strong>qui</strong></span> 
     </span>
     <span class='ocr_line' id='line_1_18' title="bbox 82 2265 1115 2348; baseline 0 -24"><span class='ocrx_word' id='word_1_123' title='bbox 82 2287 139 2326; x_wconf 87' lang='lat' dir='ltr'><strong>sua</strong></span> <span class='ocrx_word' id='word_1_124' title='bbox 163 2265 327 2348; x_wconf 87' lang='lat' dir='ltr'><strong>descripsit</strong></span> <span class='ocrx_word' id='word_1_125' title='bbox 349 2287 384 2327; x_wconf 82' lang='lat' dir='ltr'><strong>er</strong></span> <span class='ocrx_word' id='word_1_126' title='bbox 405 2267 579 2328; x_wconf 85' lang='lat' dir='ltr'><strong>Scholiasta</strong></span> <span class='ocrx_word' id='word_1_127' title='bbox 602 2266 642 2327; x_wconf 89' lang='lat' dir='ltr'><strong>ad</strong></span> <span class='ocrx_word' id='word_1_128' title='bbox 664 2265 822 2348; x_wconf 87' lang='lat' dir='ltr'><strong>Aristoph.</strong></span> <span class='ocrx_word' id='word_1_129' title='bbox 848 2265 928 2324; x_wconf 87' lang='lat' dir='ltr'><strong>Nub.</strong></span> <span class='ocrx_word' id='word_1_130' title='bbox 953 2271 1022 2329; x_wconf 81' lang='grc'><strong>350.</strong></span> <span class='ocrx_word' id='word_1_131' title='bbox 1039 2286 1115 2325; x_wconf 88' lang='lat' dir='ltr'><strong>ean-</strong></span> 
     </span>
     <span class='ocr_line' id='line_1_19' title="bbox 83 2371 1116 2458; baseline -0.001 -26"><span class='ocrx_word' id='word_1_132' title='bbox 83 2373 157 2433; x_wconf 87' lang='lat' dir='ltr'><strong>dem</strong></span> <span class='ocrx_word' id='word_1_133' title='bbox 188 2374 374 2434; x_wconf 87' lang='lat' dir='ltr'><strong>sententiam</strong></span> <span class='ocrx_word' id='word_1_134' title='bbox 404 2395 440 2436; x_wconf 86' lang='lat' dir='ltr'><strong>ex</strong></span> <span class='ocrx_word' id='word_1_135' title='bbox 466 2372 625 2458; x_wconf 87' lang='lat' dir='ltr'><strong>Eupolide</strong></span> <span class='ocrx_word' id='word_1_136' title='bbox 658 2373 786 2434; x_wconf 86' lang='lat' dir='ltr'><strong>uberius</strong></span> <span class='ocrx_word' id='word_1_137' title='bbox 819 2371 946 2454; x_wconf 84' lang='lat' dir='ltr'><strong>exponit</strong></span> <span class='ocrx_word' id='word_1_138' title='bbox 973 2371 1021 2432; x_wconf 91' lang='lat' dir='ltr'><strong>his</strong></span> <span class='ocrx_word' id='word_1_139' title='bbox 1041 2391 1116 2433; x_wconf 85' lang='lat' dir='ltr'><strong>ver-</strong></span> 
     </span>
     <span class='ocr_line' id='line_1_20' title="bbox 84 2478 185 2539; baseline 0.01 -2"><span class='ocrx_word' id='word_1_140' title='bbox 84 2478 185 2539; x_wconf 87' lang='lat' dir='ltr'><strong>sihus:</strong></span> 
     </span>
    </p>

    <p class='ocr_par' dir='ltr' id='par_1_8' title="bbox 166 2576 1062 2670">
     <span class='ocr_line' id='line_1_21' title="bbox 166 2576 1062 2670; baseline -0.002 -21"><span class='ocrx_word' id='word_1_141' title='bbox 166 2583 235 2649; x_wconf 69' lang='lat' dir='ltr'><strong>Kal</strong></span> <span class='ocrx_word' id='word_1_142' title='bbox 254 2585 317 2665; x_wconf 74' lang='grc' dir='ltr'><strong>μὴν</strong></span> <span class='ocrx_word' id='word_1_143' title='bbox 338 2583 397 2667; x_wconf 77' lang='grc' dir='ltr'><strong>ἐγὼ</strong></span> <span class='ocrx_word' id='word_1_144' title='bbox 420 2584 546 2648; x_wconf 76' lang='grc' dir='ltr'><strong><em>πολλῶν</em></strong></span> <span class='ocrx_word' id='word_1_145' title='bbox 567 2581 732 2670; x_wconf 76' lang='grc' dir='ltr'><strong><em>παρόντων</em></strong></span> <span class='ocrx_word' id='word_1_146' title='bbox 755 2576 811 2646; x_wconf 70' lang='lat' dir='ltr'><strong>onix</strong></span> <span class='ocrx_word' id='word_1_147' title='bbox 835 2580 897 2665; x_wconf 79' lang='grc' dir='ltr'><strong>ἔχω</strong></span> <span class='ocrx_word' id='word_1_148' title='bbox 916 2583 953 2647; x_wconf 82' lang='grc' dir='ltr'><strong>τί</strong></span> <span class='ocrx_word' id='word_1_149' title='bbox 971 2580 1062 2664; x_wconf 76' lang='grc' dir='ltr'><strong><em>λέξω,</em></strong></span> 
     </span>
    </p>

    <p class='ocr_par' dir='ltr' id='par_1_9' title="bbox 166 2685 1046 2777">
     <span class='ocr_line' id='line_1_22' title="bbox 166 2685 1046 2777; baseline 0.001 -25"><span class='ocrx_word' id='word_1_150' title='bbox 166 2685 247 2753; x_wconf 71' lang='grc' dir='ltr'><strong><em>οὕτω</em></strong></span> <span class='ocrx_word' id='word_1_151' title='bbox 269 2687 379 2777; x_wconf 72' lang='grc' dir='ltr'><strong><em>σφόδρ’</em></strong></span> <span class='ocrx_word' id='word_1_152' title='bbox 403 2688 488 2775; x_wconf 80' lang='grc' dir='ltr'><strong>ἇλγῶ</strong></span> <span class='ocrx_word' id='word_1_153' title='bbox 507 2693 564 2773; x_wconf 72' lang='grc' dir='ltr'><strong>τῆν</strong></span> <span class='ocrx_word' id='word_1_154' title='bbox 585 2690 743 2755; x_wconf 71' lang='grc' dir='ltr'><strong><em>πολιτείαν</em></strong></span> <span class='ocrx_word' id='word_1_155' title='bbox 766 2687 849 2776; x_wconf 80' lang='grc' dir='ltr'><strong><em>ὁρῶν</em></strong></span> <span class='ocrx_word' id='word_1_156' title='bbox 867 2695 940 2777; x_wconf 88' lang='grc' dir='ltr'><strong><em>παρ’</em></strong></span> <span class='ocrx_word' id='word_1_157' title='bbox 961 2687 1046 2773; x_wconf 74' lang='grc' dir='ltr'><strong><em>ἡμῖν.</em></strong></span> 
     </span>
    </p>

    <p class='ocr_par' dir='ltr' id='par_1_10' title="bbox 163 2789 996 2887">
     <span class='ocr_line' id='line_1_23' title="bbox 163 2789 996 2887; baseline -0.001 -27"><span class='ocrx_word' id='word_1_158' title='bbox 163 2793 252 2878; x_wconf 75' lang='grc' dir='ltr'><strong><em>ἡμεῖς</em></strong></span> <span class='ocrx_word' id='word_1_159' title='bbox 271 2801 330 2883; x_wconf 82' lang='grc' dir='ltr'><strong>γὰρ</strong></span> <span class='ocrx_word' id='word_1_160' title='bbox 353 2792 412 2880; x_wconf 77' lang='grc' dir='ltr'><strong>οὐχ</strong></span> <span class='ocrx_word' id='word_1_161' title='bbox 432 2794 514 2863; x_wconf 76' lang='grc' dir='ltr'><strong><em>οὕτω</em></strong></span> <span class='ocrx_word' id='word_1_162' title='bbox 535 2796 611 2874; x_wconf 78' lang='grc' dir='ltr'><strong><em>τέως</em></strong></span> <span class='ocrx_word' id='word_1_163' title='bbox 632 2793 781 2887; x_wconf 69' lang='grc' dir='ltr'><strong><em>ᾠκοῦμεν,</em></strong></span> <span class='ocrx_word' id='word_1_164' title='bbox 800 2789 996 2880; x_wconf 70' lang='grc' dir='ltr'><strong><em>οἷ’γέροντες·</em></strong></span> 
     </span>
    </p>

    <p class='ocr_par' dir='ltr' id='par_1_11' title="bbox 165 2896 1079 2992">
     <span class='ocr_line' id='line_1_24' title="bbox 165 2896 1079 2992; baseline -0.003 -26"><span class='ocrx_word' id='word_1_165' title='bbox 165 2899 236 2967; x_wconf 76' lang='grc' dir='ltr'><strong><em>ἄλλ’</em></strong></span> <span class='ocrx_word' id='word_1_166' title='bbox 258 2897 338 2986; x_wconf 80' lang='grc' dir='ltr'><strong><em>ἦσαν</em></strong></span> <span class='ocrx_word' id='word_1_167' title='bbox 359 2903 448 2989; x_wconf 68' lang='grc' dir='ltr'><strong><em>ἡμῶν</em></strong></span> <span class='ocrx_word' id='word_1_168' title='bbox 469 2908 509 2992; x_wconf 81' lang='grc' dir='ltr'><strong>τῇ</strong></span> <span class='ocrx_word' id='word_1_169' title='bbox 530 2902 619 2970; x_wconf 82' lang='grc' dir='ltr'><strong><em>πόλει</em></strong></span> <span class='ocrx_word' id='word_1_170' title='bbox 639 2907 762 2989; x_wconf 77' lang='grc' dir='ltr'><strong><em>πρῶτον</em></strong></span> <span class='ocrx_word' id='word_1_171' title='bbox 783 2903 842 2983; x_wconf 83' lang='grc' dir='ltr'><strong>μὲν</strong></span> <span class='ocrx_word' id='word_1_172' title='bbox 863 2900 893 2964; x_wconf 81' lang='grc' dir='ltr'><strong>οἱ</strong></span> <span class='ocrx_word' id='word_1_173' title='bbox 910 2896 1079 2982; x_wconf 75' lang='grc' dir='ltr'><strong><em>στρατηγοὶ</em></strong></span> 
     </span>
    </p>

    <p class='ocr_par' dir='ltr' id='par_1_12' title="bbox 165 3005 1036 3097">
     <span class='ocr_line' id='line_1_25' title="bbox 165 3005 1036 3097; baseline -0.009 -24"><span class='ocrx_word' id='word_1_174' title='bbox 165 3012 200 3074; x_wconf 81' lang='grc' dir='ltr'><strong>ἐκ</strong></span> <span class='ocrx_word' id='word_1_175' title='bbox 219 3015 282 3077; x_wconf 81' lang='grc' dir='ltr'><strong>τῶν</strong></span> <span class='ocrx_word' id='word_1_176' title='bbox 302 3017 456 3097; x_wconf 76' lang='grc' dir='ltr'><strong><em>μεγίστων</em></strong></span> <span class='ocrx_word' id='word_1_177' title='bbox 477 3015 583 3076; x_wconf 79' lang='grc' dir='ltr'><strong><em>οἰκιῶν</em></strong></span> <span class='ocrx_word' id='word_1_178' title='bbox 606 3008 731 3096; x_wconf 77' lang='grc' dir='ltr'><strong><em>πλούτῳ</em></strong></span> <span class='ocrx_word' id='word_1_179' title='bbox 751 3006 831 3091; x_wconf 80' lang='grc' dir='ltr'><strong><em>γένει</em></strong></span> <span class='ocrx_word' id='word_1_180' title='bbox 850 3030 882 3068; x_wconf 86' lang='grc' dir='ltr'><strong>τε</strong></span> <span class='ocrx_word' id='word_1_181' title='bbox 906 3005 1036 3088; x_wconf 77' lang='grc' dir='ltr'><strong><em>πρῶτοι,</em></strong></span> 
     </span>
    </p>

    <p class='ocr_par' dir='ltr' id='par_1_13' title="bbox 165 3107 1020 3203">
     <span class='ocr_line' id='line_1_26' title="bbox 165 3107 1020 3203; baseline -0.009 -22"><span class='ocrx_word' id='word_1_182' title='bbox 165 3111 212 3194; x_wconf 85' lang='grc' dir='ltr'><strong>οἷς</strong></span> <span class='ocrx_word' id='word_1_183' title='bbox 232 3116 367 3203; x_wconf 76' lang='grc' dir='ltr'><strong><em>ὡσπερεὶ</em></strong></span> <span class='ocrx_word' id='word_1_184' title='bbox 385 3118 504 3183; x_wconf 73' lang='grc' dir='ltr'><strong><em>θεοῖσιν</em></strong></span> <span class='ocrx_word' id='word_1_185' title='bbox 524 3113 705 3200; x_wconf 73' lang='grc' dir='ltr'><strong><em>ἦοχόμεσθα</em></strong></span> <span class='ocrx_word' id='word_1_186' title='bbox 727 3117 756 3177; x_wconf 83' lang='grc' dir='ltr'><strong>δ’</strong></span> <span class='ocrx_word' id='word_1_187' title='bbox 777 3107 851 3175; x_wconf 83' lang='grc' dir='ltr'><strong><em>ὅποι</em></strong></span> <span class='ocrx_word' id='word_1_188' title='bbox 873 3108 1020 3192; x_wconf 75' lang='grc' dir='ltr'><strong><em>τύχοιμεν</em></strong></span> 
     </span>
    </p>

    <p class='ocr_par' dir='ltr' id='par_1_14' title="bbox 83 3216 1203 4178">
     <span class='ocr_line' id='line_1_27' title="bbox 166 3216 1037 3310; baseline -0.003 -23"><span class='ocrx_word' id='word_1_189' title='bbox 166 3219 406 3310; x_wconf 53' lang='grc' dir='ltr'><strong>στρατευόμεσθἲ</strong></span> <span class='ocrx_word' id='word_1_190' title='bbox 428 3222 607 3310; x_wconf 76' lang='grc' dir='ltr'><strong><em>αἱρούμενοι</em></strong></span> <span class='ocrx_word' id='word_1_191' title='bbox 627 3220 811 3304; x_wconf 75' lang='grc' dir='ltr'><strong><em>καθάρματα</em></strong></span> <span class='ocrx_word' id='word_1_192' title='bbox 834 3216 1037 3304; x_wconf 74' lang='grc' dir='ltr'><strong><em>στρατηγούς.</em></strong></span> 
     </span>
     <span class='ocr_line' id='line_1_28' title="bbox 84 3324 1119 3416; baseline -0.006 -24"><span class='ocrx_word' id='word_1_193' title='bbox 84 3333 173 3395; x_wconf 86' lang='lat' dir='ltr'><strong>Stob.</strong></span> <span class='ocrx_word' id='word_1_194' title='bbox 202 3336 302 3396; x_wconf 87' lang='lat' dir='ltr'><strong>Serm.</strong></span> <span class='ocrx_word' id='word_1_195' title='bbox 326 3340 375 3411; x_wconf 81' lang='lat'><strong>43.</strong></span> <span class='ocrx_word' id='word_1_196' title='bbox 398 3358 427 3416; x_wconf 88' lang='lat'><strong>9.</strong></span> <span class='ocrx_word' id='word_1_197' title='bbox 480 3335 515 3392; x_wconf 89' lang='lat' dir='ltr'><strong>In</strong></span> <span class='ocrx_word' id='word_1_198' title='bbox 538 3333 585 3392; x_wconf 91' lang='lat' dir='ltr'><strong>his</strong></span> <span class='ocrx_word' id='word_1_199' title='bbox 609 3330 696 3391; x_wconf 90' lang='lat' dir='ltr'><strong>utin</strong></span> <span class='ocrx_word' id='word_1_200' title='bbox 718 3327 823 3388; x_wconf 91' lang='lat' dir='ltr'><strong>multis</strong></span> <span class='ocrx_word' id='word_1_201' title='bbox 848 3327 915 3386; x_wconf 90' lang='lat' dir='ltr'><strong>aliis</strong></span> <span class='ocrx_word' id='word_1_202' title='bbox 934 3324 1119 3408; x_wconf 87' lang='lat' dir='ltr'><strong>Aristopha-</strong></span> 
     </span>
     <span class='ocr_line' id='line_1_29' title="bbox 83 3425 1118 3524; baseline -0.01 -24"><span class='ocrx_word' id='word_1_203' title='bbox 83 3465 139 3502; x_wconf 89' lang='lat' dir='ltr'><strong>nes</strong></span> <span class='ocrx_word' id='word_1_204' title='bbox 175 3425 326 3524; x_wconf 86' lang='lat' dir='ltr'><strong>Eupolim</strong></span> <span class='ocrx_word' id='word_1_205' title='bbox 355 3442 492 3500; x_wconf 88' lang='lat' dir='ltr'><strong>imitatus</strong></span> <span class='ocrx_word' id='word_1_206' title='bbox 523 3448 586 3510; x_wconf 84' lang='lat' dir='ltr'><strong>est3</strong></span> <span class='ocrx_word' id='word_1_207' title='bbox 620 3459 691 3497; x_wconf 90' lang='lat' dir='ltr'><strong>cum</strong></span> <span class='ocrx_word' id='word_1_208' title='bbox 712 3434 816 3518; x_wconf 91' lang='lat' dir='ltr'><strong>priori</strong></span> <span class='ocrx_word' id='word_1_209' title='bbox 837 3433 1015 3516; x_wconf 84' lang='lat' dir='ltr'><strong>fragmento</strong></span> <span class='ocrx_word' id='word_1_210' title='bbox 1039 3453 1118 3492; x_wconf 90' lang='lat' dir='ltr'><strong>con-</strong></span> 
     </span>
     <span class='ocr_line' id='line_1_30' title="bbox 83 3537 1117 3627; baseline -0.009 -19"><span class='ocrx_word' id='word_1_211' title='bbox 83 3550 164 3611; x_wconf 80' lang='lat' dir='ltr'><strong>ferri</strong></span> <span class='ocrx_word' id='word_1_212' title='bbox 185 3559 328 3609; x_wconf 85' lang='lat' dir='ltr'><strong>meretur</strong></span> <span class='ocrx_word' id='word_1_213' title='bbox 348 3547 435 3608; x_wconf 89' lang='lat' dir='ltr'><strong>locus</strong></span> <span class='ocrx_word' id='word_1_214' title='bbox 457 3547 490 3606; x_wconf 89' lang='lat' dir='ltr'><strong>in</strong></span> <span class='ocrx_word' id='word_1_215' title='bbox 512 3542 728 3627; x_wconf 84' lang='lat' dir='ltr'><strong>Aristophanis</strong></span> <span class='ocrx_word' id='word_1_216' title='bbox 748 3541 889 3602; x_wconf 85' lang='lat' dir='ltr'><strong>Nubibus</strong></span> <span class='ocrx_word' id='word_1_217' title='bbox 912 3543 980 3603; x_wconf 81' lang='grc'><strong>583.</strong></span> <span class='ocrx_word' id='word_1_218' title='bbox 1002 3537 1117 3599; x_wconf 88' lang='lat' dir='ltr'><strong>Eccle-</strong></span> 
     </span>
     <span class='ocr_line' id='line_1_31' title="bbox 85 3643 1119 3737; baseline -0.013 -21"><span class='ocrx_word' id='word_1_219' title='bbox 85 3659 157 3718; x_wconf 79' lang='lat' dir='ltr'><strong>siae.</strong></span> <span class='ocrx_word' id='word_1_220' title='bbox 179 3677 249 3737; x_wconf 77' lang='lat'><strong>471·</strong></span> <span class='ocrx_word' id='word_1_221' title='bbox 274 3665 307 3716; x_wconf 90' lang='lat' dir='ltr'><strong>et</strong></span> <span class='ocrx_word' id='word_1_222' title='bbox 326 3653 431 3714; x_wconf 87' lang='lat' dir='ltr'><strong>Schol.</strong></span> <span class='ocrx_word' id='word_1_223' title='bbox 455 3653 535 3713; x_wconf 87' lang='lat' dir='ltr'><strong>adl.</strong></span> <span class='ocrx_word' id='word_1_224' title='bbox 560 3675 599 3729; x_wconf 82' lang='lat' dir='ltr'><strong>c,</strong></span> <span class='ocrx_word' id='word_1_225' title='bbox 622 3672 694 3712; x_wconf 90' lang='lat' dir='ltr'><strong>cum</strong></span> <span class='ocrx_word' id='word_1_226' title='bbox 717 3648 818 3709; x_wconf 86' lang='lat' dir='ltr'><strong>altero</strong></span> <span class='ocrx_word' id='word_1_227' title='bbox 841 3647 1026 3708; x_wconf 88' lang='lat' dir='ltr'><strong>conferatur</strong></span> <span class='ocrx_word' id='word_1_228' title='bbox 1046 3643 1119 3704; x_wconf 85' lang='lat' dir='ltr'><strong>Ari-</strong></span> 
     </span>
     <span class='ocr_line' id='line_1_32' title="bbox 84 3751 1192 3848; baseline -0.015 -23"><span class='ocrx_word' id='word_1_229' title='bbox 84 3763 252 3848; x_wconf 87' lang='lat' dir='ltr'><strong>stophanes</strong></span> <span class='ocrx_word' id='word_1_230' title='bbox 275 3763 308 3822; x_wconf 91' lang='lat' dir='ltr'><strong>in</strong></span> <span class='ocrx_word' id='word_1_231' title='bbox 333 3761 427 3820; x_wconf 83' lang='lat' dir='ltr'><strong>Ranis</strong></span> <span class='ocrx_word' id='word_1_232' title='bbox 451 3766 519 3840; x_wconf 85' lang='lat'><strong>7³⁰·</strong></span> <span class='ocrx_word' id='word_1_233' title='bbox 561 3757 631 3822; x_wconf 88' lang='lat' dir='ltr'><strong>Viri</strong></span> <span class='ocrx_word' id='word_1_234' title='bbox 651 3754 737 3816; x_wconf 88' lang='lat' dir='ltr'><strong>docti</strong></span> <span class='ocrx_word' id='word_1_235' title='bbox 756 3754 796 3814; x_wconf 89' lang='lat' dir='ltr'><strong>ad</strong></span> <span class='ocrx_word' id='word_1_236' title='bbox 813 3754 898 3815; x_wconf 91' lang='lat' dir='ltr'><strong>hunc</strong></span> <span class='ocrx_word' id='word_1_237' title='bbox 916 3752 1025 3812; x_wconf 89' lang='lat' dir='ltr'><strong>locum</strong></span> <span class='ocrx_word' id='word_1_238' title='bbox 1041 3751 1117 3810; x_wconf 88' lang='lat' dir='ltr'><strong>scite</strong></span> <span class='ocrx_word' id='word_1_239' title='bbox 1190 3801 1192 3817; x_wconf 43' lang='lat'>1</span> 
     </span>
     <span class='ocr_line' id='line_1_33' title="bbox 84 3859 1117 3949; baseline -0.017 -16"><span class='ocrx_word' id='word_1_240' title='bbox 84 3879 278 3933; x_wconf 86' lang='lat' dir='ltr'><strong>monuerunt</strong></span> <span class='ocrx_word' id='word_1_241' title='bbox 306 3866 548 3949; x_wconf 84' lang='lat' dir='ltr'><strong>Aristophanem</strong></span> <span class='ocrx_word' id='word_1_242' title='bbox 577 3862 762 3948; x_wconf 80' lang='grc' dir='ltr'><strong><em>φαρμακοὺς</em></strong></span> <span class='ocrx_word' id='word_1_243' title='bbox 791 3863 885 3943; x_wconf 81' lang='lat'>(746.)</span> <span class='ocrx_word' id='word_1_244' title='bbox 920 3859 1029 3920; x_wconf 82' lang='lat' dir='ltr'><strong>dixisse</strong></span> <span class='ocrx_word' id='word_1_245' title='bbox 1052 3879 1117 3933; x_wconf 88' lang='lat' dir='ltr'><strong>eos,</strong></span> 
     </span>
     <span class='ocr_line' id='line_1_34' title="bbox 85 3968 1117 4063; baseline -0.016 -23"><span class='ocrx_word' id='word_1_246' title='bbox 85 4001 164 4062; x_wconf 89' lang='lat' dir='ltr'><strong>quos</strong></span> <span class='ocrx_word' id='word_1_247' title='bbox 192 3979 322 4063; x_wconf 88' lang='lat' dir='ltr'><strong>Eupolis</strong></span> <span class='ocrx_word' id='word_1_248' title='bbox 351 3973 551 4060; x_wconf 71' lang='grc' dir='ltr'><strong><em>καθάρματα;</em></strong></span> <span class='ocrx_word' id='word_1_249' title='bbox 581 3975 624 4035; x_wconf 91' lang='lat' dir='ltr'><strong>ita</strong></span> <span class='ocrx_word' id='word_1_250' title='bbox 657 3973 746 4034; x_wconf 81' lang='lat' dir='ltr'><strong>enim·</strong></span> <span class='ocrx_word' id='word_1_251' title='bbox 773 3970 907 4054; x_wconf 83' lang='lat' dir='ltr'><strong>explicat</strong></span> <span class='ocrx_word' id='word_1_252' title='bbox 927 3968 1117 4029; x_wconf 85' lang='lat' dir='ltr'><strong>Scholiasta:</strong></span> 
     </span>
     <span class='ocr_line' id='line_1_35' title="bbox 84 4074 1203 4178; baseline -0.015 -27"><span class='ocrx_word' id='word_1_253' title='bbox 84 4093 289 4178; x_wconf 82' lang='grc' dir='ltr'><strong><em>φαρμακοῖσι,</em></strong></span> <span class='ocrx_word' id='word_1_254' title='bbox 318 4093 384 4162; x_wconf 83' lang='grc' dir='ltr'><strong><em>τοῖς</em></strong></span> <span class='ocrx_word' id='word_1_255' title='bbox 406 4080 582 4168; x_wconf 72' lang='grc' dir='ltr'><strong><em>λεγομένοις</em></strong></span> <span class='ocrx_word' id='word_1_256' title='bbox 603 4075 812 4164; x_wconf 62' lang='grc' dir='ltr'><strong><em>καθάρμασιν.</em></strong></span> <span class='ocrx_word' id='word_1_257' title='bbox 862 4078 990 4157; x_wconf 87' lang='lat' dir='ltr'><strong>Quanta</strong></span> <span class='ocrx_word' id='word_1_258' title='bbox 1011 4074 1119 4136; x_wconf 86' lang='lat' dir='ltr'><strong>simili·</strong></span> <span class='ocrx_word' id='word_1_259' title='bbox 1197 4163 1203 4176; x_wconf 32' lang='lat'>⁸</span> 
     </span>
    </p>
   </div>
   <div class='ocr_carea' id='block_1_3' title="bbox 0 0 1433 4788">
    <p class='ocr_par' dir='ltr' id='par_1_15' title="bbox 0 0 1433 4788">
     <span class='ocr_line' id='line_1_36' title="bbox 0 0 1433 4788; baseline 0 0"><span class='ocrx_word' id='word_1_260' title='bbox 0 0 1433 4788; x_wconf 95' lang='lat' dir='ltr'><strong> </strong></span> 
     </span>
    </p>
   </div>
  </div>
 </body>
</html>
