2814 4784
726 341 964 412 ..22-

815 493 884 568 IV.

338 592 547 710 Quamquam
581 623 725 686 Cratinus
758 623 828 684 talis
863 623 961 687 suerit
996 629 1092 706 poeta
1131 619 1215 684 inter
1241 643 1371 704 paucos

335 753 475 814 magnus,
511 740 616 796 tamen
644 728 868 813 Aristophanes
894 749 977 806 eum,
999 749 1094 811 quem
1114 727 1228 812 passim
1250 727 1371 790 admo-

337 837 411 900 dum
427 838 544 916 laudat,
562 835 725 898 salsissimo
744 856 837 917 saepe
855 834 965 917 lepore
981 841 1163 916 persecutns
1177 842 1232 903 est;
1251 843 1369 896 atrum

318 944 452 1004 =invidia
479 943 512 1003 in
543 941 700 1003 aemulum
729 940 941 1022 gravissimum
963 939 1125 1018 adductus,
1148 963 1186 1000 an
1209 951 1368 1002 consucta

335 1049 519 1111 comoediae
537 1047 665 1110 licentia
681 1067 765 1123 usus,
787 1046 819 1106 in
833 1045 930 1106 dubio
944 1046 1163 1129 relinquamus.
1193 1047 1262 1108 Hoc
1281 1071 1365 1109 vero

333 1177 394 1240 pro
425 1165 513 1216 certo
545 1161 649 1236 potest
671 1151 832 1230 affirmari,
861 1151 1103 1236 Aristophanem
1123 1174 1188 1214 non
1210 1153 1364 1216 infestum

334 1262 474 1322 animum
499 1261 533 1320 in
562 1259 727 1322 Cratinum
757 1258 948 1338 declarasse·
969 1258 1025 1320 sed
1044 1259 1164 1320 facetiis
1195 1266 1226 1320 et
1247 1260 1362 1324 festiva

335 1367 471 1450 quadam
491 1364 688 1426 cavillatione
710 1387 782 1426 cum
803 1364 972 1442 auditores,
993 1374 1061 1426 tum
1083 1365 1174 1443 (sicut
1193 1363 1254 1425 hon
1275 1375 1361 1430 tem-

333 1495 413 1558 pore
431 1493 480 1533 res
497 1473 601 1551 erant)
623 1471 723 1553 ipsum
738 1470 950 1532 adversarium
966 1470 1158 1532 exhilarassc.
1200 1470 1270 1532 Huc
1282 1495 1361 1556 par-

334 1578 414 1640 tinet
434 1577 511 1638 illud
532 1599 567 1639 ex
586 1575 799 1662 Aristophanis
822 1576 1072 1640 Acharnensihus
1096 1596 1201 1658 arpa:

453 1675 542 1770 in&
564 1682 667 1767 ἕτερον
686 1685 862 1766 νυκτερινόν
882 1680 1000 1766 γένοιτο
1024 1691 1076 1764 (sc.
1095 1677 1296 1768 Ἀντιμάχῳ).

451 1784 591 1873 ἠπιαλῶν
610 1793 669 1872 γάρ
693 1785 793 1852 οἴκαδ’
813 1788 847 1865 ἐξ

452 1891 606 1969 ἱποιασάις
625 1893 771 1976 βαδίζων,

454 1993 520 2064 εἶτα
541 1997 680 2078 κατάξειέ
699 2023 746 2074 τις
766 1992 824 2062 αὖ.

451 2105 509 2170 τοῦ
528 2102 654 2186 aestua
672 2106 728 2186 τῆς
749 2105 884 2191 κεφαλῆς
900 2099 1043 2190 Ὀρέστης

448 2207 643 2300 μαινόμενος·
666 2206 683 2274 ὃ
708 2209 742 2274 δὲ
762 2209 853 2276 λίθον
874 2218 980 2294 βαλεῖν

448 2297 648 2397 βουλόμενος,
670 2317 703 2380 ἐν
724 2313 825 2405 σκότῳ
846 2315 938 2401 λάβοι

449 2420 488 2506 τῇ
505 2420 589 2506 χειρὶ
607 2424 738 2486 usiadis
757 2417 871 2507 άρτίοις
891 2422 1081 2506 κεχεσμένον

450 2517 632 2604 ἒπαλξειε“ὃ’
652 2523 731 2607 ἔχων

448 2633 504 2694 τόν
523 2628 700 2716 μάρμαρον,
720 2624 845 2721 aduae&
865 2629 965 2719 ἆμαρ.

448 2737 510 2800 τῶν
529 2735 624 2820 βάλοι
643 2741 811 2824 Κρατῖνον.

328 2841 549 2928 Unusquisque
571 2844 716 2928 intelligit
731 2846 971 2929 Aristophanem
990 2849 1069 2912 nihil
1086 2849 1170 2911 aliud
1187 2861 1352 2934 spectasse,

326 2970 422 3032 quam
443 2949 607 3011 Cratinum
630 2951 735 3012 iocose
758 2953 924 3016 ridendum
944 2959 1116 3039 praebere3
1145 2957 1231 3042 quod
1252 2958 1352 3040 ipsum

326 3053 492 3116 scholiasta
516 3079 642 3141 quoque
665 3059 705 3118 ad
724 3059 809 3120 hunc
831 3060 936 3122 locum
955 3086 1086 3126 monere
1102 3065 1238 3142 videtur,
1255 3089 1352 3150 quum

327 3159 419 3220 dicit:
450 3158 544 3242 βάλοι
565 3165 733 3246 Κρατῖνον,
754 3169 827 3249 παρ’
847 3161 997 3232 ὑπόνοιαν
1017 3166 1106 3250 λέγει,
1128 3163 1165 3232 od
1185 3172 1241 3234 τόν
1262 3195 1353 3253 ποιη-

324 3265 382 3347 τὴν
410 3259 491 3330 άλλά
520 3291 589 3331 τινα
618 3265 754 3348 άλαζόνα
784 3270 839 3334 καί
865 3275 987 3358 &pundo
1014 3273 1068 3338 καί
1092 3273 1279 3356 μαινόμενον
1303 3276 1354 3340 κατ’

322 3371 475 3454 μέθυσον.
523 3372 627 3440 Βάλοι
658 3369 737 3456 odas
754 3375 843 3463 φησί,
871 3380 983 3443 τοῦτον
1012 3380 1063 3444 ἴνα
1093 3383 1216 3448 πλειόσι
1245 3395 1353 3460 κακοῖς

322 3479 472 3567 περιπέσῃ
491 3469 683 3566 τυπτόμενος
704 3480 758 3545 ὑπ’
779 3479 889 3550 αὐτοῦ.

399 3588 571 3651 Praeterea
600 3590 824 3674 Aristophanes
849 3592 1012 3654 Cratinum
1036 3605 1170 3680 propter
1190 3596 1353 3660 sordidam

322 3700 354 3752 et
381 3692 565 3753 indecoram
591 3695 674 3756 vitae
701 3696 919 3780 conditionem
947 3699 1110 3784 exagitarit
1135 3711 1168 3763 et
1197 3714 1353 3786 proterve

319 3798 500 3882 perstrinxit
520 3800 551 3859 in
573 3801 826 3864 Acharnensihus
848 3807 935 3886 849.:

401 3897 479 3967 Οὐδ’
501 3905 635 3987 ἐντυχών
655 3907 689 3970 ἐν
712 3908 751 3993 τῇ
771 3909 871 3996 ’μορᾷι
884 3904 1033 3992 πρόσεισί
1049 3932 1101 3975 σοι
1118 3907 1255 3994 dadsisas

401 4013 556 4092 liquatuor
578 4007 832 4106 άείικεκαρμένος
851 4015 964 4095 μοιχόν
983 4015 1043 4105 μιᾷ
1065 4017 1217 4102 μαχαίρᾳ.

320 4116 366 4177 Cs.
391 4117 495 4180 Schol.
524 4119 564 4182 ad
586 4121 604 4179 1.
627 4120 648 4182 Ι.
674 4131 707 4183 et
725 4120 812 4184 Suid.
833 4143 862 4184 v.
885 4125 1022 4204 Μοιχος.
