2814 4784
320 398 414 481 tul

319 579 503 662 gemmet
528 577 743 642 characterom
760 578 865 641 exani
886 578 982 661 ipsius
1003 579 1121 667 ingenii
1142 583 1350 646 monumentis

319 661 513 772 cognoscet-e
535 694 567 749 et
584 685 782 770 tanquam-in
797 685 926 769 speculo
938 669 1061 752 intueri
1080 713 1259 774 possumus;
1281 711 1351 756 cum

317 813 395 854 vero
423 791 564 854 neutrius
595 800 711 873 poetae
734 791 882 875 integrae
897 793 1041 858 tabulae
1063 797 1103 858 ad
1124 808 1232 859 nostra
1253 819 1347 883 usque

318 909 463 982 tempora
484 898 700 982 pervenerint,
724 909 830 961 tamen
849 909 980 984 praeter
997 906 1262 987 exspectationem
1276 906 1351 967 mihi

319 1007 452 1092 contigit
478 1005 564 1068 mille
594 1013 807 1088 etstrecenta
833 1008 1010 1088 fragmenta
1046 1019 1078 1070 et
1114 1010 1202 1094 quod
1232 1013 1352 1073 excedit

319 1113 441 1177 Cratini
469 1111 561 1174 simul
594 1120 627 1172 et
659 1109 888 1194 Eupolidis'ex
916 1112 1046 1175 Graecis
1070 1117 1253 1202 Latinisque
1276 1120 1353 1179 scri·

316 1220 461 1306 ptoribns
489 1216 663 1300 collegisse,
680 1238 774 1298 ¹quam
805 1217 912 1279 omnia
940 1219 1001 1279 suia
1030 1220 1108 1282 locis
1131 1223 1296 1287 distributa
1316 1226 1348 1286 in

317 1327 426 1411 vulgus
447 1323 544 1416 cdere
564 1321 625 1382 huc
647 1323 814 1386 occasione
835 1325 906 1386 lieri
929 1327 1061 1389 omnino
1086 1332 1197 1414 nequit
1226 1342 1259 1394 et
1276 1353 1353 1416 pro·

315 1445 404 1521 pter·
427 1429 532 1518 op'eris
567 1427 811 1511 amplitudinem
845 1441 879 1493 et
915 1431 1145 1516 difficultatem,
1189 1429 1235 1500 et¹
1266 1439 1352 1522 quod

293 1536 503 1616 multitud,
526 1557 716 1620 quemqnam
734 1559 753 1596 a
778 1536 852 1598 viria
877 1539 976 1602 doctis
998 1543 1085 1605 vario
1106 1544 1203 1606 modo
1224 1547 1349 1624 tentati,

316 1658 438 1709 tantam
477 1642 659 1726 relinquant
694 1643 931 1723 obscuritatem,
970 1657 1006 1709 ut
1042 1670 1100 1733 ego
1121 1650 1184 1712 hoc
1206 1639 1352 1736 tempore

316 1755 412 1838 plane
436 1751 618 1833 desperem,
640 1748 717 1832 quin
739 1749 844 1812 lucem
867 1751 928 1813 illis
949 1756 1067 1818 afferre
1088 1778 1277 1842 omnemque
1290 1759 1366 1820 du-'
1396 1797 1397 1806 κ

316 1859 506 1923 hitutionem
525 1854 640 1918 tollere
661 1856 807 1938 poesim*
829 1855 914 1917 Nihil
936 1869 984 1922 cst
997 1859 1102 1937 enim,
1124 1872 1160 1922 ut
1176 1853 1352 1926 Bruncllins

258 1978 261 1985 ’
317 1966 373 2041 ait,
414 1961 582 2052 difficilius,
617 1983 712 2048 quam
738 1963 931 2046 fragmenta
946 1967 1127 2029 emendare.
1183 1971 1355 2036 Contineet

311 2071 413 2154 'igitur
447 2067 501 2130 hic
526 2067 651 2128 libellus
682 2067 722 2128 ad
742 2077 933 2132 ,accuratam
958 2069 1131 2134 editionem
1157 2069 1357 2158 fragmento-

301 2187 388 2241 rum
411 2173 534 2238 Cratini
557 2183 589 2236 et
613 2172 791 2270 Eupolidis·
810 2173 1054 2255 praefationem,
1083 2177 1116 2237 in
1143 2201 1204 2262 quo
1233 2175 1354 2264 partim

317 2305 352 2344 ex
373 2283 536 2366 utriusque
556 2291 671 2364 poetae
694 2279 889 2362 fragmentis,
909 2281 1026 2362 partim
1045 2303 1080 2342 ex
1095 2285 1279 2349 testimoniis
1295 2313 1353 2352 ve.

315 2399 422 2450 terum
451 2387 490 2449 de
520 2383 595 2462 vita,
631 2385 817 2448 charactere
850 2395 882 2448 et
908 2387 1117 2452 nobilioribus
1150 2392 1261 2456 fabulis
1293 2410 1353 2458 eo-

316 2518 389 2560 rnm
409 2492 604 2557 enucleatius
626 2491 849 2574 disputabitur.
