2814 4784
732 325 970 399 ..24-

818 513 873 596 V.

336 697 481 813 vivendi
503 723 731 806 turpitudinem
752 721 974 806 Aristophanes
999 719 1113 804 aliique
1141 719 1172 778 in
1194 717 1370 778 Cratinum

334 817 479 898 conferre
508 857 597 918 posse
621 837 679 896 sibi
703 836 900 914 videbantur,
931 835 985 918 qui
1005 815 1119 918 poetae
1142 830 1240 892 nostri
1263 831 1366 891 fabu-

332 941 436 1002 larum
462 943 656 1024 intcgrarum
686 943 820 1026 singulos
847 944 934 1002 locos
954 941 1004 1002 vel
1025 943 1208 1024 fragmenta,
1232 937 1265 998 in
1288 941 1365 1020 qui-

330 1046 390 1108 hus
422 1045 609 1109 deterrimae
649 1047 730 1109 vitae
765 1048 960 1110 conditiones
993 1067 1085 1130 saepe
1124 1045 1363 1117 describuntur,

256 1131 264 1150 i
329 1153 411 1215 iusto
432 1154 568 1214 severius
589 1163 772 1236 presserunt
793 1163 886 1237 atque
909 1162 1014 1214 mente
1038 1162 1289 1214 contrectarunt.
1314 1153 1363 1214 Ex

328 1260 543 1344 Aristophanis
564 1281 640 1320 vero
662 1260 782 1320 facetiis
803 1259 1032 1343 cavillandiqne
1055 1279 1144 1318 more
1165 1258 1269 1341 colligi
1289 1281 1362 1322 om-

329 1367 405 1427 nino
428 1366 539 1447 nequit
560 1366 723 1426 Cratinum
744 1366 846 1449 ipsum
866 1365 1060 1448 impudicum
1080 1365 1188 1435 fuissem

448 1472 526 1531 Nam
547 1482 666 1534 castum
690 1494 754 1533 esse
778 1472 870 1534 decet
890 1473 978 1554 pium
998 1481 1126 1555 poetam

448 1579 562 1660 Ipsum,
582 1578 750 1638 versiculos
774 1578 851 1638 nihil
872 1599 999 1639 necesse
1025 1586 1081 1638 est.
1386 1645 1387 1652 ἵ

327 1682 439 1743 Catull.
460 1706 558 1744 carm.
581 1685 664 1746 XVI.
691 1681 718 1748 δ’.
753 1685 835 1746 ΡΙίη.Ἰ
857 1684 956 1767 Epist.
981 1683 1033 1744 IV.
1061 1701 1107 1761 14·
1386 1671 1387 1724 l

320 1831 322 1836 -
406 1790 492 1850 Haec
513 1791 720 1852 venustissimi
741 1801 854 1873 poetae
872 1791 1030 1852 sententia
1049 1811 1109 1873 per
1129 1809 1162 1850 sc
1181 1789 1353 1851 admodum

324 1896 497 1979 probabilis
529 1896 712 1956 arbitranda
734 1919 771 1958 eo
791 1897 944 1958 maiorem
964 1895 1156 1956 nanciscitur
1179 1899 1353 1959 auctorita-

324 2011 402 2079 tem,
434 2021 496 2085 quo
527 2003 717 2064 enucleatius
737 2013 982 2087 perscrutamur,
1006 2025 1045 2062 an
1067 2011 1163 2084 poeta
1185 2003 1296 2085 aliquis
1321 2006 1351 2064 in

323 2110 477 2171 sectandis
507 2110 599 2187 vitiis,
631 2111 742 2194 quibus
773 2131 829 2172 sua
852 2122 934 2172 aetas
958 2111 1092 2188 laborat,
1115 2119 1286 2191 occupatus
1313 2113 1351 2171 sit
1386 2119 1387 2172 l

321 2239 431 2296 neeric.
492 2217 571 2277 Cum
606 2239 682 2278 vero
721 2217 843 2300 priscae
874 2217 1057 2278 comoediae
1092 2215 1176 2298 apud
1208 2217 1348 2277 Graecos

320 2345 400 2382 unus
429 2324 497 2382 fere
533 2322 700 2382 character
732 2323 764 2382 in
787 2323 932 2383 notandis
953 2333 986 2384 et
1006 2322 1207 2384 traducendis
1228 2345 1347 2406 aequa-

321 2428 399 2488 lium
419 2427 540 2510 llagitiis
565 2429 724 2505 consistat,
757 2428 949 2508 singulorum
971 2428 1165 2488 comicorum
1187 2429 1345 2512 duplicem
1386 2441 1387 2462 ¹

320 2542 353 2594 et
373 2531 500 2614 quidem
516 2533 717 2593 subiectivam
729 2533 851 2614 pariter
864 2541 956 2614 atque
970 2532 1169 2610 obiectivam,
1184 2557 1279 2618 quam
1290 2557 1343 2596 ro·

318 2649 402 2715 cant,
425 2639 592 2716 rationem,
614 2661 676 2722 qua
699 2638 739 2698 ad
760 2637 891 2700 civitatis
915 2637 1028 2699 statum
1048 2649 1080 2700 et
1094 2638 1133 2699 ad
1146 2661 1178 2700 se
1196 2641 1278 2724 ipsos
1293 2663 1344 2701 re-

316 2747 474 2824 feruntur,
503 2746 677 2806 accuratius
706 2755 942 2828 perscrutemur
970 2767 1097 2808 necesse
1128 2756 1189 2817 est;
1225 2769 1261 2808 ex
1281 2747 1340 2807 hac
1386 2789 1387 2792 ,

316 2855 401 2916 enim
416 2854 580 2916 aestimare
595 2853 678 2930 licet,
696 2853 855 2936 quomodo
872 2853 947 2936 ipsa,
966 2853 998 2913 in
1020 2875 1081 2936 qua
1097 2851 1215 2930 vivunt,
1234 2854 1339 2916 civitas

316 2981 383 3021 sese
405 2960 531 3036 haheat,
554 2982 630 3038 num
652 2960 695 3020 ita
716 2960 756 3020 sit
776 2971 926 3044 corrupta
948 2969 980 3021 et
1000 2959 1180 3048 depravata,
1202 2969 1238 3020 ut
1268 2957 1338 3021 satis

315 3065 435 3147 largam
457 3067 650 3148 indignandi·
660 3067 824 3126 materiam
843 3055 1012 3148 praeheat3
1047 3087 1083 3126 ex
1102 3067 1199 3128 altera
1221 3076 1337 3144 autem,

314 3193 355 3234 an
376 3181 489 3253 poetae
519 3195 606 3234 mens
628 3182 722 3256 atque
744 3173 862 3232 animus
884 3173 927 3233 ita
949 3172 986 3232 its
1008 3173 1205 3250 constitutus,
1235 3182 1271 3232 ut
1291 3174 1337 3234 sui

311 3280 462 3362 temporis
484 3276 599 3361 flagitia
620 3288 707 3340 recte
729 3279 896 3361 percipiat,
921 3299 1031 3338 eorum
1051 3279 1153 3338 sontes
1169 3291 1337 3362 cognoscat
1386 3271 1387 3286 ¹

310 3385 546 3469 indignatioque
570 3407 604 3446 ex
625 3385 719 3468 ipsius
742 3385 847 3446 animo
858 3369 905 3446 Kac
926 3392 1058 3466 pectore
1083 3405 1250 3468 crumpens
1270 3386 1336 3468 ipsa

310 3492 429 3552 scelera
469 3502 615 3553 accurate
653 3491 822 3574 depingere
856 3501 888 3552 et
926 3489 1062 3572 graviter
1092 3492 1218 3574 aggredi
1248 3495 1333 3554 sciat

308 3601 376 3660 Hae
415 3602 498 3684 leges
528 3625 592 3662 non
623 3601 723 3664 solum
752 3600 965 3663 observandae
1002 3611 1073 3662 sunt
1104 3604 1135 3662 in
1171 3605 1334 3664 censendis

308 3709 504 3777 Graecarum
524 3707 700 3769 litterarum
721 3707 943 3783 monumentis,
962 3707 1045 3790 'quae
1068 3731 1103 3770 ex
1124 3709 1252 3792 antiqua
1279 3733 1335 3770 co-

305 3813 431 3874 moedia
453 3814 612 3896 prodiere,
636 3812 691 3875 sed
713 3813 807 3874 etiam
823 3813 855 3871 in
870 3796 1040 3874 tractandis
1055 3817 1240 3876 Latinorum
1253 3839 1334 3898 poe-

305 3919 355 3994 tis,
383 3939 519 4002 quorum
546 3920 658 4004 insigni
689 3919 814 4002 ingenio
845 3919 939 3981 satira
972 3922 1091 3983 exculta
1115 3933 1171 4002 est,
1203 3935 1238 3986 ut
1261 3937 1333 3987 sunt

304 4026 455 4108 Lucilius,
475 4027 634 4107 Horatius,
656 4025 791 4103 Persius,
816 4027 979 4110 luvenalis,
993 4028 1055 4106 alii,
1074 4031 1138 4116 qui,
1159 4029 1332 4094 Athenien-
