2814 4784
461 358 704 428 ...41-

73 551 173 604 certas
203 531 353 617 rationes,
380 541 493 624 quihus
513 542 631 603 laetum
652 553 709 617 est,
731 551 766 602 ut
787 543 922 606 Pericles
943 563 1095 608 summam

72 673 179 710 rerum
201 648 439 710 Atheniensium
459 655 648 731 potestatem
671 657 900 730 assequeretur,
923 650 955 710 in
971 651 1099 714 audito-

70 779 143 820 rum
167 755 277 818 animis
301 751 401 814 movit
424 752 474 813 vel
494 753 526 812 in
548 753 594 829 iis,
621 775 701 836 qnae
714 763 894 837 temporum
907 755 1020 818 iniuria
1032 780 1098 842 pe-

70 865 206 940 rierunt,
249 859 408 942 copiosius
444 851 594 920 indicavit
631 871 662 920 et
701 861 822 922 comice
861 859 1103 932 monstravit..

69 973 158 1031 Haec
191 979 296 1028 tamen
327 967 431 1027 animo
460 975 582 1026 tantum
608 968 775 1049 percipere
806 976 838 1028 et
859 967 1010 1050 suspicari
1032 990 1096 1030 non

71 1076 167 1136 cartis
200 1074 388 1156 argumentis
421 1090 504 1132 nunc
541 1071 668 1154 quidem
687 1093 848 1155 possumus
867 1072 1098 1140 ‹lamonstraref

154 1179 292 1239 Pericles
311 1178 397 1239 baud
417 1178 604 1250 informosus
625 1177 738 1239 haberi
758 1188 886 1262 poterat
909 1201 945 1242 ex
966 1189 1096 1242 senten-

71 1287 116 1346 tia
145 1297 297 1364 veterum,
327 1289 351 1347 si
371 1288 516 1370 corporis
539 1289 676 1370 speciem
697 1299 886 1371 spectamus,
915 1291 1017 1372 capite
1036 1312 1097 1350 au-

72 1405 136 1455 tem
165 1403 233 1454 erat
262 1395 398 1477 oblongo
428 1403 461 1455 et
491 1395 604 1456 ceteris
622 1395 777 1478 corporis
807 1395 950 1478 partibus
982 1418 1096 1478 parum

70 1503 283 1584 respondente
311 1501 483 1587 (προμήκης
511 1493 550 1585 ἦν
575 1505 632 1585 τὴν
662 1505 798 1588 κεφαλὴν
817 1504 872 1567 καί
889 1499 1099 1588 ἀσύμμετρος.
1136 1577 1139 1584 ,

69 1609 151 1676 rhu,
178 1610 293 1670 Pericl.
325 1632 352 1670 c.
382 1615 437 1687 3.),
462 1609 547 1670 unde
567 1610 686 1675 factum
708 1620 765 1686 est,
788 1621 834 1686 ut,
856 1633 928 1670 cum
951 1611 1099 1674 videlicet

70 1715 244 1798 sculptores
264 1739 411 1800 magnum
432 1717 522 1778 illurn
541 1715 644 1777 virum
664 1717 697 1776 in
718 1716 868 1799 singulari
889 1725 981 1798 parte
1001 1717 1100 1798 paulo

72 1819 298 1883 deformiorem
320 1823 458 1884 ludibrio
478 1822 599 1884 habere
620 1823 753 1899 nollent,
776 1843 883 1882 omnes
897 1822 962 1882 eins
977 1832 1098 1883 statuae

69 1929 211 2010 galeatae
230 1930 441 1993 inveniantur.
476 1930 597 2005 Quibus
617 1949 693 1989 vero
713 1929 933 1989 abstinuerunt
944 1929 1098 2004 statuarii,

69 2034 118 2092 his
142 2035 256 2092 comici
278 2043 392 2114 poetae
413 2033 574 2113 inprimis
597 2035 741 2093 Cratinus
767 2044 799 2094 et
818 2035 948 2118 Eupolis
970 2058 1008 2096 eo
1030 2057 1098 2094 sae-

70 2137 141 2218 pius
171 2138 229 2213 usi,
260 2137 425 2196 materiam
452 2137 537 2196 nacti
558 2146 630 2196 sunt
649 2138 720 2197 satis
742 2137 870 2218 largam,
899 2163 960 2220 qua
979 2140 1100 2219 princi-

71 2263 147 2324 pem
169 2243 201 2301 in
223 2263 257 2303 re
274 2243 402 2326 publica
416 2241 655 2303 mordacissimis
673 2244 833 2302 sententiis
844 2244 1097 2325 proscinderent.

71 2347 165 2430 Apud
190 2348 363 2410 Homerum
385 2348 525 2432 epitheto
546 2357 702 2431 perpetuo
728 2345 945 2433 νεφεληγερέτα
966 2361 1100 2412 ornatur

72 2459 215 2539 luppiter
232 2450 284 2540 (ὃς
304 2456 360 2529 τὰς
379 2453 509 2539 νεφέλας
528 2448 673 2538 ἆγείρεὼ
705 2453 895 2517 simillimum
917 2465 949 2519 et
970 2459 1010 2520 ad
1033 2459 1100 2520 Ho-

33 2580 36 2585 ·
71 2564 226 2624 muricum
246 2561 325 2622 illud
348 2562 468 2622 cornice
485 2563 604 2621 factum
620 2570 666 2622 est
679 2582 854 2645 cognomen
874 2563 1100 2650 κεφαληγερὲτα

71 2692 89 2727 a
112 2670 242 2729 Cratino
264 2668 399 2729 relatum
422 2667 462 2728 ad
482 2667 639 2730 Periclem
659 2669 773 2730 multos
798 2671 887 2752 quasi
904 2674 1013 2756 gibbos
1022 2675 1051 2752 ¹⁸)
1065 2676 1098 2736 in

72 2777 175 2858 capite
209 2797 265 2837 suo
296 2786 552 2858 congregantem,
578 2776 629 2858 qui
653 2787 831 2858 praeterea,
850 2787 886 2838 ut
906 2787 973 2839 tota
995 2780 1097 2861 imago

72 2881 113 2942 ad
143 2883 344 2943 Homericam
374 2883 454 2943 lovis
485 2882 729 2964 descriptionem
757 2904 886 2965 prorsus
921 2883 1098 2962 accederet,

66 2982 234 3066 Ὀλύμπιος
256 2990 294 3048 ab
316 2987 475 3070 Eupolide
498 2987 614 3065 (Sclrol.
638 2988 678 3048 ad
688 2985 845 3070 Aristoph.
864 2987 999 3048 Acbarn.
1016 2993 1096 3070 529.)

73 3100 106 3151 ct
130 3114 147 3149 a
169 3103 277 3154 nostro
298 3092 444 3177 μέγιστος
463 3091 614 3176 τύραννος
635 3102 762 3154 vocatus
786 3101 844 3168 cst,
864 3113 937 3154 cum
956 3094 1047 3154 nobis
1065 3095 1097 3154 iu

72 3205 212 3258 mentem
233 3201 320 3260 venit
338 3201 417 3261 illud
439 3201 656 3260 Homericum:

154 3364 196 3376 -
215 3363 257 3378 --
277 3366 319 3378 -
339 3331 396 3392 rori
418 3333 477 3414 γὰρ
499 3327 611 3413 κράτος
631 3325 701 3391 ἐστι’
718 3321 875 3408 μέγιστον.

72 3459 108 3521 ll.
128 3461 160 3539 β.
183 3463 262 3536 118„
284 3481 305 3520 ι.
328 3463 388 3538 25,
408 3484 443 3522 ω.
465 3467 533 3542 293.
577 3460 666 3536 Quae
687 3454 786 3517 verba
807 3454 831 3513 si
849 3461 1026 3533 usurpasset
1042 3473 1098 3512 co-

71 3566 183 3644 micus,
222 3565 327 3649 lepide
362 3566 508 3627 movisset
543 3564 583 3626 de
611 3561 741 3624 Periclis
777 3558 879 3641 capite
909 3559 1097 3621 sententiam

40 3751 44 3758 ἢ
70 3673 172 3734 hanc:
195 3673 282 3734 cuius
306 3682 403 3756 caput
421 3671 520 3756 (κρὰς,
543 3669 628 3753 erig)
653 3678 699 3730 est
719 3667 897 3729 maximum.

140 3877 169 3947 *)
190 3875 364 3932 Vocabulum
390 3875 489 3947 gibbus
516 3875 550 3928 de
567 3888 673 3927 tumore
692 3889 788 3925 carneo
808 3871 837 3923 in
857 3867 977 3942 qualibet
996 3886 1097 3937 eorpo-

70 3971 108 4024 ris
132 3983 209 4039 parte
233 3971 358 4042 usurpari
384 3969 465 4024 docet
482 3969 616 4028 lsu'enalis
633 3965 684 4022 Vl·
704 3981 761 4035 109.
797 3961 921 4034 „Mediis
938 3963 966 4019 in
986 3958 1097 4014 naribus

69 4065 167 4132 ingens
185 4059 290 4132 gibbus.
