2814 4784
453 365 520 436 f·
576 341 599 414 9
665 371 715 386 ··

157 508 290 588 Causam
320 526 441 602 mortis,
472 547 566 606 qnam
595 547 630 588 ex
659 526 868 608 Aristophane
893 527 1104 611 apposuimus,

73 633 184 700 salsam
221 625 276 695 et*
292 633 333 694 ad
368 629 593 694 declarandum
625 631 757 692 nimium
786 631 906 692 Cratini
934 634 967 696 in
997 633 1106 707 vinum
1144 643 1146 648 ’

75 761 217 803 amorem
238 763 256 802 a
277 750 373 824 poeta
396 727 503 800 fictam
526 759 603 814 osse,
637 736 686 798 vix
721 757 799 820 opus
822 745 925 798 estut
946 761 1103 802 moneam.

77 846 160 908 Sunt
181 847 263 908 haec
284 845 391 905 omnia
410 853 475 904 tam
497 853 585 904 certa
607 839 639 904 et
659 853 803 904 veterum
820 841 897 904 locis
914 843 958 904 ita
971 845 1105 924 firmata,
1177 918 1179 928 y

74 963 112 1018 ut
133 953 283 1029 nesciam,
301 950 379 1034 quid
403 950 461 1010 sthi
483 949 559 1011 velit
573 948 679 1010 Schol.
699 948 738 1009 ad
753 947 912 1032 Aristoph.
926 950 1005 1011 Aves
1024 955 1105 1028 5³2„

75 1060 166 1128 ouius
195 1047 298 1118 verba
321 1056 401 1117 haec
431 1065 519 1116 sunt:
552 1051 607 1136 ἔζή
628 1053 662 1118 δὲ
684 1060 737 1133 (so.
760 1051 906 1135 Λάμπων
928 1049 944 1118 ὃ
962 1077 1107 1139 χρησμο-

74 1161 182 1246 λόγος)
209 1161 263 1225 ἐπὶ
288 1163 343 1243 τῆς
371 1162 435 1225 miv
454 1156 604 1246 'Oovs'ainrv
626 1161 835 1240 διδασκαλίας,
867 1158 935 1244 οὐχ,
956 1156 999 1234 ὥς
1017 1184 1106 1240 τινες,

74 1265 239 1350 ἐτεθνήκει·
275 1269 382 1355 πολλῷ
410 1271 469 1354 γὰρ
496 1262 628 1353 ὕστερον
650 1266 814 1352 ’Κρατῖνος
843 1269 877 1331 ἐν
904 1266 943 1354 τῇ
973 1263 1129 1348 Νεμέσεν

76 1371 157 1440 οἶδεν
185 1370 281 1442 aizos
312 1377 422 1454 ζῶντα,
444 1373 499 1440 καὶ
515 1375 614 1438 ταῦτα
634 1371 742 1462 πολλῷ
763 1370 910 1459 inemori
944 1377 1024 1439 Aves
1047 1375 1107 1437 do-

75 1484 141 1544 cuit
162 1483 388 1568 Aristophanes
406 1505 489 1544 anno
510 1482 649 1543 secundo
669 1482 865 1566 Olympiadis
883 1484 1105 1567 nonagesimae

72 1591 194 1672 primae
223 1596 256 1665 (a
285 1591 341 1650 Ch.
372 1594 472 1670 415.)';
506 1589 610 1672 igitur
629 1587 735 1650 multis
757 1589 845 1650 annis
865 1599 937 1672 post
960 1591 1106 1651 Cratinus

71 1696 218 1758 Nemesin
240 1696 410 1774 docuisset,
439 1697 464 1757 si
487 1695 586 1758 iidem
598 1695 810 1758 tribueremus
826 1695 875 1756 isti
884 1697 1105 1779 grammatico,

73 1803 127 1886 qui
156 1803 315 1884 ignorasse
346 1781 483 1881 videtur,
518 1823 656 1888 quonam
685 1823 767 1864 anno
796 1802 952 1880 Nemesin,
986 1804 1018 1862 in
1045 1825 1107 1887 qua

70 1909 268 1992 Lamponem
284 1910 384 1992 ¹quasi
423 1909 526 1970 adhue
555 1910 715 1972 viventem
752 1907 917 1970 inductum
946 1909 1040 1972 fuisse
1068 1910 1108 1970 li-

69 2016 188 2076 benter
209 2015 365 2092 concedo,
388 2015 421 2076 in
442 2037 569 2076 scenam
589 2015 762 2099 protulerit
784 2015 939 2076 Cratinus.

154 2119 268 2176 Tribui
290 2119 427 2178 Oeneidi
449 2119 498 2200 (τῇ
529 2119 651 2197 Οἰνηΐδα
670 2121 767 2203 φυλῇ,
790 2143 870 2202 quae
891 2123 924 2180 in
944 2123 1047 2204 Etym.
1063 2125 1108 2186 M.

71 2247 102 2291 v.
137 2216 351 2297 Βοοτεᾶδαι*)
391 2220 551 2298 laudatur)
590 2232 687 2306 poeta
723 2233 831 2284 noster
857 2226 1028 2306 praefuisse
1060 2225 1108 2284 vi-

74 2309 188 2399 detum
214 2328 269 2390 sed
291 2350 362 2389 oum
384 2327 579 2390 timidiorem
601 2349 668 2390 sese
687 2339 813 2412 gereret
838 2329 870 2389 in
895 2329 957 2390 hoc
973 2353 1107 2392 munere

73 2435 333 2514 administrando,
365 2434 572 2518 proverbium
601 2427 725 2498 Ἐπειοῦ
759 2429 930 2518 δειλότερος
966 2437 998 2496 in
1035 2441 1108 2508 oum

71 2543 261 2609 translatum
287 2553 342 2604 est.
384 2541 459 2602 Fuit
480 2541 564 2603 onim
586 2541 692 2626 Epeos
716 2542 889 2604 secundum
916 2531 1046 2606 Suidam
1075 2568 1106 2608 v.

68 2643 197 2712 Ἐπειοῦ
217 2645 407 2733 <initium¹
423 2647 477 2732 qui
498 2647 591 2712 huius
614 2649 806 2720 narrationis
828 2651 994 2730 testis-est,
1014 2651 1106 2714 valde

72 2754 210 2820 timidus.

143 2969 276 3046 *Quanti
299 2968 382 3052 apud
403 2978 526 3032 veteres
549 2969 727 3032 aestimatus
740 2971 837 3032 fuerit
850 2970 1006 3048 Cratinus,
1021 2971 1106 3034 clare

77 3082 167 3156 patet
188 3095 222 3136 ex
242 3098 356 3158 magno
379 3097 513 3136 numero
536 3077 826 3158 grammaticorum,
850 3078 903 3160 qui
925 3078 965 3139 ad
984 3079 1105 3140 fabulas

77 3181 145 3240 eius
165 3178 417 3263 interpretandas
439 3203 471 3243 se
494 3183 709 3262 contulerunt,
736 3185 851 3247 deinde
875 3205 911 3246 ex
939 3185 1011 3268 ipsis
1040 3187 1106 3246 eius

75 3285 270 3368 fragmentis,
286 3288 431 3371 ,denique
453 3311 489 3350 ex
508 3289 696 3350 testimoniis
718 3301 874 3369 veterum,
891 3291 1106 3373 Aristophanis

75 3392 282 3476 potissimum,
306 3397 359 3478 qui
384 3418 466 3474 eum,
492 3395 633 3479 quamvis
652 3418 717 3458 non
735 3418 809 3459 raro
826 3397 1039 3481 perstringens
1058 3397 1107 3456 le-

74 3500 246 3582 pidissime,
269 3523 382 3586 magna
404 3524 477 3565 cum
497 3503 702 3566 veneratione
725 3511 758 3564 et
780 3503 995 3580 aestimatione
1018 3525 1106 3565 com-

75 3618 242 3670 memorat.

141 3781 170 3851 ⁴¹)
186 3782 315 3852 Apostol.
332 3780 462 3836 Proverb.
483 3781 561 3840 vm.
581 3785 623 3838 8o.
641 3781 745 3836 Zonob.
767 3782 877 3836 Centur.
897 3782 948 3836 111.
966 3783 1008 3838 δι.
1028 3788 1105 3836 Βου-

76 3873 173 3927 essitas
190 3877 235 3928 vel
252 3873 398 3928 Βουταδαι
415 3878 515 3930 familis
540 3889 616 3932 crant
637 3875 807 3930 nobilissima
831 3875 943 3930 Athenis
963 3897 977 3930 a
1000 3875 1103 3948 generis

76 3977 184 4020 anctore
203 3965 294 4020 Codro
313 3986 375 4038 rege
392 3971 436 4022 vel
452 3969 534 4057 heroe
553 3969 622 4024 Bata
641 3989 742 4026 nomeu
759 3967 878 4026 trahens.
910 3969 952 4025 Cf.
971 3965 1104 4026 thckeo.

74 4055 110 4108 ad
127 4057 244 4114 Theocr.
264 4059 353 4116 Adou-
373 4081 401 4132 p.
420 4059 481 4136 334.
