2846 4788
459 389 504 402 -
559 359 626 429 107
680 389 760 408 ---

158 543 305 623 προσθείς
320 537 404 628 αὐτῷ
416 535 514 627 γραῦν
533 541 684 624 μεθύσην,
704 543 760 605 τοῦ
777 533 928 625 κ’όρδακος
947 537 1057 622 οὕνεχ’,
1074 535 1115 622 ’ἦν
1136 533 1139 542 ’

159 646 317 732 Φρύνιχος
338 647 434 712 πάλαι
455 649 606 731 πεποίηχ’,
632 646 670 730 ἢν
689 653 723 711 ri
748 649 840 730 κῆτος
858 639 976 730 ἤσθιεν.
998 671 1063 732 sqq.

75 756 300 840 Aristophanes
323 756 362 818 de
386 779 440 817 sua
462 767 530 818 arte
551 778 743 839 magnopere
776 755 929 840 gloriatur
950 761 983 814 et
1004 751 1115 835 Eupo-

77 863 143 939 lim,
163 885 235 923 cum
248 843 400 923 Maricam
418 873 636 946 componeret,
655 886 689 924 ex
706 863 885 946 Equitibua,
902 858 1009 922 fabula
1029 853 1122 918 cele-1

77 967 217 1030 berrima
238 969 345 1029 omnia
366 967 444 1030 dicit
466 967 614 1052 spoliasse
639 977 673 1030 et
694 967 734 1028 atl
754 965 1032 1052 perstringendum
1049 964 1115 1047 Hy-

76 1075 247 1158 perbolum
276 1096 452 1158 usurpasse.
504 1077 594 1137 Hanc
624 1076 772 1136 iniustam
804 1073 1060 1135 criminationem
1080 1071 1112 1130 in

76 1181 183 1264 Raptis
204 1181 248 1242 ita
273 1203 291 1242 a
313 1202 345 1242 se
366 1191 510 1244 removet
532 1189 640 1244 noster
659 1191 767 1264 poeta,
792 1190 828 1242 ut
848 1179 1055 1258 demonstret,
1078 1161 1112 1240 se

78 1287 253 1350 confecisse
272 1287 478 1372 Aristophani
498 1287 643 1370 Equites,
665 1285 796 1348 dicenss
1072 1291 1074 1297 ’

179 1377 181 1384 ¹
407 1396 483 1469 τοῦς
499 1389 627 1468 Ἱππέας

164 1497 354 1582 συνεποιήσα
374 1500 418 1588 τῷ
438 1500 591 1588 φαλακρῷ
612 1497 711 1586 τούτῳ
734 1492 976 1586 κᾷδωρησάμην.

81 1603 189 1666 Schol.
213 1605 253 1667 ad
275 1594 434 1691 Aristoph.
456 1609 537 1670 Nub.
563 1611 631 1674 ⁵36.
653 1608 712 1691 Eq.
731 1611 818 1671 1268.
834 1605 943 1689 ibique
959 1603 1116 1666 Herman-

80 1732 166 1772 num.
216 1712 348 1796 Eupolis
377 1714 409 1774 iu
429 1715 552 1778 Marica
571 1724 706 1776 matrem
731 1713 905 1798 Hyperboli
925 1710 1051 1786 ridetur
1071 1711 1116 1769 ri-

79 1821 164 1898 sisse,
186 1829 222 1880 ut
246 1841 282 1880 ex
302 1819 442 1882 versibus
464 1819 560 1882 modo
583 1821 747 1903 adscriptis
764 1830 906 1903 apparet,
927 1828 959 1880 et
973 1839 1009 1880 ex
1023 1817 1116 1877 sclao-

77 1925 128 1986 liis
159 1925 199 1986 ad
225 1924 354 1985 Plutum
382 1947 412 1984 v·
445 1929 554 2003 rost,
584 1928 639 1989 ubi
671 1928 857 1988 conferatur
886 1919 1116 1986 Hemstarhusii
1203 1937 1205 1944 “

80 2030 273 2093 observatio.
315 2032 434 2092 Docuit
453 2033 583 2116 Eupolis
604 2021 756 2096 Maricam
776 2032 907 2096 biennio
931 2040 1004 2114 post
1027 2030 1116 2112 prio-

81 2157 134 2198 res
164 2135 280 2211 Nubes,
310 2134 375 2196 scil.
401 2148 475 2222 post
494 2141 619 2202 Cleonis
640 2151 778 2203 mortem
802 2141 854 2201 Ol.
876 2137 1052 2200 LXXXIX.
1074 2141 1118 2208 3.,

79 2239 245 2304 Arclronte
267 2240 395 2303 Alcaeo.
418 2244 466 2304 Cf.
487 2245 570 2324 Sam.
592 2245 686 2308 Petit.
712 2247 844 2310 illiscell.
859 2249 882 2308 l.
895 2267 922 2310 c.
939 2251 968 2310 6.
985 2245 1116 2304 Kaster.

81 2371 115 2434 r·
136 2352 209 2419 ⁵⁵»
450 2421 456 2428 .
994 2345 998 2360 “

164 2455 315 2517 Homines
337 2455 447 2517 molles
469 2455 662 2539 militiaeque
685 2458 727 2518 ob
754 2458 887 2518 nimium
901 2456 961 2518 otii
978 2453 1119 2515 studium

82 2571 116 2624 et
143 2562 363 2624 meticulosum
394 2563 554 2647 ingenium
584 2563 709 2646 ineptos
738 2565 922 2646 perstrinxit
947 2563 980 2623 in
1000 2560 1119 2638 fabula,

83 2689 166 2751 quae
189 2667 309 2752 duplici
330 2669 436 2754 indice
457 2666 671 2754 Ἀςτρὰτευτοι
700 2669 764 2730 sive
781 2663 984 2751 'Arsipdyvrot
1006 2665 1119 2728 inscri-

8 2851 16 2864 ο
81 2775 172 2836 bitur
192 2776 291 2852 (Suirl.
312 2775 343 2837 'v.
371 2767 532 2858 Εὔπολις),
556 2777 637 2838 sicut
656 2777 688 2838 in
711 2777 783 2856 alia,
810 2773 982 2858 Ταξὺιρχοι
1005 2774 1118 2834 inscri-

81 2890 150 2964 pta,
166 2882 301 2946 militum
319 2885 395 2944 vitia
419 2885 540 2945 notavit
561 2894 594 2945 et
617 2885 665 2944 rei
683 2883 827 2946 militaris
848 2883 933 2965 apud
947 2880 1121 2943 Athenien·

82 3009 133 3050 ses
157 2997 271 3050 statum
293 3011 349 3050 suo
372 2999 518 3074 tempore
540 2999 728 3072 corruptum
744 2998 777 3050 et
795 2989 991 3049 dissolutum.
1024 2988 1121 3048 Pros-

84 3093 200 3177 paltios
229 3096 328 3157 veluti
348 3096 545 3172 danaortaode
576 3095 715 3157 traduxit
732 3093 819 3155 haud
841 3095 937 3156 dubie
959 3095 992 3156 iu
1014 3095 1122 3156 fabula

82 3201 229 3261 eiusdem
249 3201 332 3262 tituli
358 3202 409 3277 (οἵ.
432 3203 477 3262 lo.
499 3201 631 3262 Meursii
652 3199 692 3262 de
716 3199 842 3284 populis
864 3201 975 3264 Atticis
998 3199 1120 3262 dissert.
1185 3219 1188 3250 ³

85 3310 120 3368 in
151 3307 306 3369 Gronovii
332 3307 426 3366 Thes.
458 3307 623 3389 Antiquitt.
657 3307 772 3370 Graec.
805 3307 843 3367 Τ.
875 3307 928 3368 lV.
957 3329 990 3391 p.
1023 3311 1124 3389 783.);

85 3413 212 3475 fabulis.
236 3420 382 3474 veterum
413 3412 610 3472 comicorum
643 3413 822 3495 saepissime
844 3412 965 3475 indices
988 3412 1125 3476 desumti

85 3528 159 3581 sunt
190 3500 230 3580 ab
255 3517 366 3580 Atticis
395 3517 520 3602 populis
553 3517 750 3598 (Hemsterh.
786 3517 826 3578 ad
851 3519 1009 3604 Aristoph.
1037 3521 1122 3582 Plut.

84 3652 117 3712 p.
148 3647 198 3709 47.
226 3627 276 3688 De
304 3617 380 3688 vera
412 3626 618 3708 inscriptione
646 3625 717 3688 vide
748 3625 926 3692 Casaubon.
947 3626 988 3688 ad
1008 3627 1122 3690 Athen.

84 3730 155 3796 Vll.
177 3757 209 3815 p.
231 3735 302 3797 326·
333 3735 392 3809 A.).

169 3839 333 3900 Socratem
363 3851 426 3922 quo
460 3836 560 3898 rarius
593 3855 631 3898 eo
663 3836 880 3898 vehementius
911 3831 1017 3900 tamen
1049 3863 1124 3923 per-

86 3945 209 4009 strinxit
229 3945 264 4006 in
287 3965 382 4006 scena
402 3941 543 4026 Eupolis,
565 3943 609 4002 ita
633 3949 670 4002 ut
683 3941 858 4003 Scholiasta
880 3943 921 4004 ad
938 3945 1125 4028 Aristopha-
1207 3929 1210 3942 ¹

87 4054 137 4116 uis
159 4053 262 4117 Nubes
285 4044 386 4117 dicat:
403 4046 508 4118 ἔπειτα
527 4039 665 4124 Εὔπολις
683 4047 712 4115 sd
726 4045 781 4116 aad
795 4043 833 4116 ὑφ’
850 4043 965 4138 ὀλίγων
981 4047 1125 4133 ἐμνὴσᾶη
