2846 4788
723 367 1026 454 ”ild--v

326 565 442 645 labem,
469 590 529 651 qun
550 567 636 630 tertii
651 589 758 632 versus
772 575 909 632 metrum
923 567 1057 646 laborat,
1072 564 1251 644 eluendam,
1262 566 1360 630 muln'
1412 567 1413 574 ’

326 675 515 757 interpretes
537 697 664 736 manum
695 676 876 739 auxiliarem
895 675 1070 738 attulerunt
1101 674 1158 754 (cl.
1180 673 1314 758 interpr.
1340 697 1359 734 a

324 782 488 866 Wyttenb.
520 780 661 844 laudatos
690 793 723 844 et
753 783 855 845 Wesii
888 783 1056 844 senarium
1078 781 1142 844 sive
1164 779 1204 842 de
1226 779 1357 841 licentia

324 897 399 952 vett.
430 897 552 972 poetar.
585 910 617 971 p.
640 891 743 970 240.);
770 887 1034 974 Wyttebbachius
1058 887 1140 953 adl.
1161 909 1189 950 c.
1213 889 1356 950 omnium

264 1057 267 1063 ,
324 994 512 1058 dexterrime
536 995 643 1057 locum
664 995 853 1074 emendavit,
876 1004 912 1057 ut
934 995 1082 1080 equidem
1104 1016 1177 1057 eum
1191 994 1354 1078 adscripsi,

323 1125 388 1164 uon
419 1101 547 1185 quidem
578 1123 613 1163 ex
645 1123 733 1164 mera
767 1103 961 1179 coniectura,
988 1125 1081 1184 quam
1100 1101 1205 1185 potius
1229 1121 1247 1162 e
1269 1101 1353 1164 The·

284 1213 285 1219 ’
323 1208 428 1270 mistio
450 1212 547 1286 (orat.
569 1209 699 1268 XXVII.
719 1207 845 1298 'lt-¹339·
869 1209 927 1285 C.)‚
950 1208 1004 1291 qui
1021 1216 1165 1268 nostrum
1182 1208 1293 1270 locum
1306 1230 1352 1271 ex-

321 1315 434 1377 hibens
463 1314 574 1375 scribit
604 1306 662 1376 οὔκ
694 1310 804 1376 ludina
836 1324 898 1377 eet.
933 1325 965 1376 et
985 1313 1106 1376 lsidoro
1128 1314 1287 1377 Pelusiata
1309 1319 1350 1394 (b.

323 1421 377 1483 lv.
409 1422 498 1503 epist.
532 1421 623 1484 CCV.
651 1431 798 1508 perot-J
820 1421 913 1482 simili
934 1421 1031 1482 modo
1054 1422 1212 1484 scribente
1236 1417 1272 1497 te
1294 1416 1351 1485 dni
1412 1435 1413 1444 ³

323 1526 398 1591 δέκα
416 1527 521 1590 ποδοῖν
543 1537 602 1589 eet.
652 1527 757 1612 Vulgo
780 1528 863 1590 enim
884 1529 1050 1613 legebatur
1070 1523 1231 1592 ἑκκαίδεκα
1251 1529 1352 1593 ποδῶν

324 1645 386 1697 cet.
409 1635 538 1696 omnino
560 1645 672 1696 contra
691 1635 785 1696 metri
806 1637 974 1698 rationem.
1023 1638 1164 1698 Mentem
1190 1638 1350 1720 Eupolidis

324 1742 443 1825 optime
470 1742 620 1804 indicavit
648 1743 698 1804 vir
727 1742 837 1804 doctus
859 1743 906 1803 his
931 1743 1053 1805 verbis:
1086 1745 1218 1805 Pericles
1238 1765 1306 1805 cum
1326 1748 1352 1804 in

323 1853 495 1911 concionem
522 1850 674 1931 prodiret,
704 1863 737 1908 ut
758 1851 894 1930 egregius
915 1871 1031 1927 cursor,
1051 1871 1237 1938 quamquam
1256 1853 1352 1912 decem

320 1961 433 2042 pedum
453 1958 611 2018 intervallo
628 1971 700 2040 post
720 1979 790 2017 suos
810 1957 1005 2019 adversarios
1027 1980 1146 2020 cursum
1165 1961 1354 2036 ini1·e,tamen

323 2089 374 2128 eos
401 2067 589 2149 comequitur
618 2087 657 2125 ac
680 2066 837 2147 pervertit,
859 2067 906 2126 ita
927 2065 1056 2150 reliquos
1076 2079 1217 2126 oratores
1237 2064 1354 2124 dread

315 2175 414 2256 copia
445 2173 512 2232 vicit
542 2191 581 2231 ac
611 2183 681 2253 post
709 2193 739 2230 se
770 2170 900 2254 reliqtu't.
942 2172 992 2232 De
1014 2171 1253 2254 comparatione
1274 2172 1352 2233 inter
1412 2251 1413 2256 η

324 2301 488 2342 cursorem
513 2288 545 2340 et
569 2286 729 2338 oratorem
753 2276 895 2337 instituta
912 2277 1041 2337 memini
1054 2276 1232 2359 exemplum
1251 2277 1352 2360 legere

325 2387 410 2471 apud
430 2383 674 2467 Aristophanem
698 2384 789 2462 (Nub.
812 2386 906 2465 μᾶ),
929 2383 1016 2466 quod
1036 2383 1078 2445 etl
1094 2393 1239 2446 nostrum
1250 2383 1353 2444 locum

323 2495 425 2578 probe
448 2491 686 2575 intelligendum
708 2491 844 2551 multum
865 2491 1008 2552 confert:

347 2601 463 2682 Στριψ.
487 2587 529 2660 Ὦ
555 2594 725 2673 δέσποιναι,
754 2594 865 2676 δέσμαι
892 2619 942 2658 τοι
971 2597 1028 2661 νῦν
1054 2592 1155 2684 dicein
1172 2593 1263 2660 τουτὶ
1279 2591 1356 2658 utre

972 2699 1097 2787 μικρόν,

460 2811 548 2876 Ιί’τοῖν
572 2804 731 2893 Ἔλλῆνων
762 2800 846 2873 εἶναι’
869 2807 1035 2894 με’λέγαιι
1056 2807 1167 2874 ἑκατόν
1188 2807 1356 2874 σταδίοισιν

870 2955 889 2974 1
971 2909 1112 3004 ἄριστον.

325 3033 431 3094 Simile
456 3031 632 3113 exemplum
653 3030 768 3114 legitur
788 3029 821 3089 in
842 3028 936 3090 Runis
957 3049 1008 3110 9⁰·
1029 3024 1151 3112 Syuesii
1178 3021 1267 3107 epist.
1294 3027 1356 3100 134.

323 3141 547 3199 -Summam
574 3140 657 3199 hane
692 3136 819 3198 dicendi
851 3136 1034 3198 facultatem
1064 3131 1211 3194 Cratinus
1234 3150 1357 3214 qnoque

324 3246 355 3304 in
376 3245 500 3305 Pericle
523 3244 654 3320 notavit,
677 3242 733 3304 sed
757 3241 881 3322 fortius,
904 3250 941 3301 ut
962 3240 1052 3317 solet,
1074 3260 1145 3300 rem
1168 3235 1337 3319 expressit:

413 3348 457 3412 Τι’
473 3341 538 3426 οὖν,
561 3341 587 3412 ὦ
610 3355 650 3411 σὺ
670 3325 800 3432 μεγίστη
819 3348 942 3430 γλῶττα
960 3347 1024 3409 τῶν
1039 3341 1281 3426 Ἐλληνίδων-

326 3458 373 3518 Cf.
388 3458 514 3518 Aristid.
529 3457 608 3538 πρὸς
621 3453 779 3520 Πλάτωνα
794 3451 886 3537 λόγος
898 3451 939 3518 δ’.
957 3454 1052 3516 Pbot.
1072 3453 1222 3515 Biblioth.
1240 3471 1312 3531 411.
1329 3453 1357 3512 b.

326 3569 375 3627 25.
399 3565 448 3624 cd.
475 3565 530 3624 lm.
552 3562 684 3625 Bekker.
705 3561 781 3623 ibid.
803 3579 873 3641 424.
895 3583 923 3622 a.
948 3579 996 3624 σι.
1019 3560 1145 3622 Aristid.
1169 3561 1206 3622 T.
1234 3561 1273 3622 ll.
1285 3583 1319 3642 p.
1331 3583 1358 3642 9.

326 3669 394 3746 (ed.
428 3671 556 3732 Canter.
586 3671 624 3730 T.
654 3671 706 3730 ΙΙΙ.
736 3691 767 3752 p.
793 3671 855 3746 33.)
890 3677 923 3728 et
943 3669 980 3728 T.
1004 3669 1096 3752 ll.·p.
1122 3687 1191 3751 129.
1216 3667 1359 3747 (Canter.

326 3778 498 3856 lll.214.).
1221 3777 1223 3784 ’

409 3886 489 3944 Cum
521 3882 663 3945 nondum
692 3881 765 3942 sutis
798 3889 945 3942 accurate
967 3880 1000 3940 in
1024 3879 1217 3964 singularum
1238 3880 1360 3942 fabula-

328 4015 400 4054 rum
429 3991 594 4074 Eupolidis
627 3997 810 4073 argumenta
833 3985 1057 4070 investigarim,
1079 3986 1175 4048 liceat
1194 3996 1303 4050 tamen
1330 3987 1364 4058 de

325 4099 485 4163 nonnullis
501 4079 646 4174 tradere,
670 4093 824 4178 quidquid
838 4103 924 4156 certe
943 4093 1011 4156 erui
1025 4103 1162 4176 poterat.
1205 4093 1364 4178 Eupolide
