2846 4788
475 379 716 454 ...450-

84 572 115 626 et
143 563 307 626 luxuriare¹
338 562 515 640 dicebatur,
544 563 723 646 comparari
753 564 893 646 possint,
918 562 1108 650 lepidissime

82 671 168 732 linxit
194 669 257 732 hoc
281 669 475 732 vocabulum
505 669 662 746 Cratinus,
684 679 781 752 caput
796 669 930 732 Periclis
950 673 1111 736 irrisurus.

86 780 292 862 Quantopere
316 797 393 838 vero
422 776 482 838 sibi
510 777 666 860 placuerit
687 775 719 838 in
740 775 800 837 hae
821 775 956 858 imagine
977 779 1114 862 amplifi-

85 886 197 963 canda,
224 885 347 968 reliqua
370 885 441 945 satis
466 884 690 948 demonstrant.
735 887 770 947 In
792 885 995 968 sequentibus
1017 884 1111 962 (Plut.

75 993 199 1054 Porioi.
227 1014 255 1052 c.
285 995 343 1068 re.)
375 975 453 1053 dicit
480 991 637 1054 Periclem
664 992 729 1054 iam
759 1003 902 1078 portasse
932 991 1059 1054 Odeum
1079 991 1113 1054 in

85 1098 190 1181 capite
210 1095 278 1180 (ἐπὶ
294 1097 352 1159 τοῦ
372 1096 499 1180 κρανίον
516 1134 557 1148 --
571 1095 755 1183 κράνος-),
780 1121 853 1160 cum
874 1099 977 1182 ipsum
998 1097 1115 1160 exstrui

42 1197 44 1200 ’
84 1204 222 1280 iuberet,
246 1203 363 1265 odeum
383 1204 479 1286 igitur
500 1203 540 1266 asl
563 1197 707 1267 normam
728 1206 961 1291 eapitisnipsius
981 1205 1115 1269 Periclis

87 1307 288 1371 aedificatum
319 1331 394 1372 esse.
439 1311 583 1373 Fuerunt
610 1312 694 1373 enirn
715 1314 798 1388 Odei
818 1312 987 1376 interiores
1009 1321 1115 1396 partes

85 1413 192 1476 multis
212 1409 337 1478 sedibus
359 1421 520 1501 (utsupra
542 1414 762 1496 ἑνδεκὰκλινον)
793 1430 826 1484 et
847 1418 1002 1482 columnis
1022 1439 1118 1480 orna-

87 1531 158 1592 tae;
171 1523 231 1583 toti
248 1521 393 1584 aedilicio
411 1523 600 1586 extrinsecus
620 1532 739 1586 tectum
750 1525 931 1603 impositum
946 1534 1016 1589 erat
1029 1525 1119 1587 acul-

86 1627 171 1689 mine
193 1627 300 1706 unico,
324 1629 411 1714 quod
430 1629 553 1708 hebuit,
575 1651 714 1714 pronum
734 1629 808 1692 inde
833 1640 867 1693 et
887 1631 1120 1714 deflexumhrs-

90 1732 225 1816 ρικλινὲς
246 1733 301 1798 καί
320 1731 464 1812 κάταντες
484 1735 518 1798 ἐκ
537 1736 613 1816 μιᾶς
634 1728 797 1822 nepopis),
820 1759 901 1822 quae
923 1737 1028 1799 omnia
1046 1758 1121 1798 sna-

89 1841 185 1906 dente
207 1853 240 1904 et
261 1841 342 1904 duee
362 1843 487 1906 Pericle
507 1853 651 1926 suscepta
671 1853 752 1904 sunt.
793 1842 890 1906 Sedes
911 1854 944 1906 et
958 1841 1122 1906 columnas

90 1948 132 2010 ud
152 1949 274 2032 gibbos,
296 1959 417 2010 tectum
440 1949 481 2009 ad
503 1949 624 2030 galeam
637 1949 768 2012 Periclis
783 1951 947 2032 pertinere
964 1959 997 2012 et
1012 1941 1048 2014 e'x
1059 1948 1123 2010 hae

60 2093 65 2096 -
88 2056 217 2116 ratione
240 2057 452 2136 fragmentum
482 2054 603 2114 Cratini
625 2055 900 2138 interpretandum
923 2077 1001 2134 esse,
1022 2077 1123 2116 unus-

91 2159 226 2244 quisque
247 2180 299 2220 me
318 2179 385 2218 uon
408 2167 568 2232 monente,
590 2157 746 2239 intelligit.
788 2181 792 2188 ¹

173 2265 243 2326 Tali
270 2264 365 2348 igitur
383 2263 491 2340 modo,
521 2262 575 2346 qui
600 2262 689 2323 nobis
712 2261 841 2345 quidem
861 2263 929 2326 fere
950 2261 1127 2350 incredibi-

92 2372 131 2434 lis
153 2373 289 2448 videtur,
312 2368 441 2454 legimus
462 2369 640 2459 principem
665 2368 713 2431 rei
726 2368 874 2454 publicae
887 2369 1127 2432 Atheniensium

91 2479 233 2542 ludibrio
265 2477 359 2538 fuisse
392 2475 576 2538 comoediae
603 2477 751 2561 antiquae
776 2477 890 2561 poetis,
926 2477 1126 2562 potissimum

90 2608 169 2648 vero
194 2586 334 2663 Cratino,
358 2583 413 2668 qui
434 2607 498 2646 non
521 2593 700 2662 contentus,
715 2605 798 2662 eum,
819 2606 1010 2670 quocunque
1026 2577 1125 2650 modo

92 2714 168 2754 eum
189 2693 263 2754 love
280 2691 429 2776 Olympio
449 2691 580 2774 Homeri
600 2689 721 2752 eomiee
737 2704 956 2775 comparatum
968 2693 1125 2774 derisisse,

94 2820 226 2860 uxorem
252 2798 369 2861 adiecit
398 2796 595 2863 adeundam
616 2796 738 2859 calcem
760 2808 986 2880 comparatam.
1027 2801 1128 2884 Aspa-

94 2905 173 2966 siam
200 2905 330 2968 Periclis
362 2925 493 2966 uxorem
522 2925 655 2988 eamque
690 2905 844 2966 Iunonem
865 2913 960 2966 vocet
979 2913 1129 2966 ornatam

76 3010 191 3073 ¹certis
213 3011 358 3096 epithetis
383 3033 419 3072 ex
441 3010 581 3072 Homero
605 3009 739 3072 ridicule
761 3009 893 3072 detersis
916 3010 998 3071 sicut
1018 3032 1127 3074 versus
1215 2999 1221 3007 ’

95 3115 219 3179 Cratini
241 3117 460 3180 demonstrant
480 3118 566 3202 apud
584 3115 793 3180 Plutarchum
815 3115 847 3175 in
870 3115 995 3178 Pericle
1016 3138 1045 3180 c.
1066 3129 1124 3198 ψ’

177 3255 220 3270 --
238 3255 280 3270 -
298 3257 339 3274 -ι
362 3217 464 3306 Ἥραν
483 3247 515 3286 τε
536 3219 566 3288 oi
582 3217 759 3285 Ἀσπασίαν
781 3218 878 3284 τίκτει

161 3324 234 3410 καί
253 3326 508 3411 καταπυγοσύνην
528 3331 689 3410 παλλακὴν
709 3322 877 3391 κυνώπιδα.

94 3436 253 3498 Homerus
281 3435 395 3496 Iunoni
420 3436 584 3520 epitheton
613 3444 804 3518 perpetuum
824 3431 936 3494 tribuit
954 3427 1073 3512 βοῶπις
1095 3441 1130 3494 et

93 3537 221 3620 πότνια,
240 3563 321 3624 quae
341 3540 510 3604 coniuncta
530 3540 708 3624 saepissime
728 3537 887 3622 leguntur,
907 3546 943 3596 ut
964 3537 996 3596 in
1020 3535 1101 3598 hise‘

177 3648 233 3710 τόν
253 3647 283 3709 δ’
303 3640 435 3728 ἠμείβετ’
458 3643 562 3710 ἔπειτα
584 3646 702 3728 βοῶπις
719 3639 831 3710 πότνια
851 3636 956 3730 Ἥρη.

95 3755 139 3816 cf.
162 3753 197 3814 Il.
219 3777 250 3830 α,
277 3755 346 3818 551.
368 3753 401 3829 θ,
423 3770 494 3832 471.
517 3752 613 3815 etsie
634 3751 763 3814 centies.

180 3858 348 3950 Quomoslo
376 3859 521 3922 Cratinus
553 3859 693 3950 epitheta
714 3859 920 3938 intellexerit,
949 3856 1127 3922 accuratius

94 3963 258 4028 videamus
290 3965 481 4051 etquidem,
514 3976 666 4050 quantum
687 3967 757 4030 ficri
779 3975 895 4051 potest,
917 3989 952 4028 ex
975 3968 1129 4045 Homero,

94 4094 194 4158 quem
215 4073 324 4162 utique
346 4073 491 4160 respexit.
516 4073 668 4148 ΙΒσαῖπις
682 4083 735 4140 ‘est
756 4075 918 4158 epitheton
939 4053 1128 4174 seminarum

904 4165 929 4236 4
