2814 4784
479 359 717 441 ...15-

80 557 216 618 carmina
238 557 356 639 luerint
379 578 412 616 ex
435 555 499 614 eius
521 553 669 614 dramatis
687 563 844 636 excerpta,
858 577 896 616 an
913 556 1010 618 scolia
1023 556 1110 616 inter

80 663 184 745 epulas
207 661 404 724 decantanda
426 661 465 718 ab
490 680 528 718 eo
549 659 737 740 composita;
768 652 853 720 nulla
874 662 960 724 enim
982 661 1022 726 de
1044 661 1106 722 hac

77 791 112 830 re
132 780 219 830 certa
246 777 364 830 exstant
387 763 567 825 testimonia
588 774 740 826 veterum.
793 766 861 848 Ego
885 767 997 842 fateor,
1017 769 1108 852 prio-

77 897 147 936 rem
174 873 363 936 tententiam
392 871 569 953 posteriore
596 872 667 955 plus
697 872 929 956 probabilitatis
951 871 1037 956 apud
1058 893 1111 936 mc

74 982 206 1042 habere.
258 977 393 1060 Antiqua
426 977 602 1056 comoedia,
629 980 820 1063 'praesertim
844 979 967 1041 Cratini·
985 987 1109 1061 tempo-

75 1087 175 1160 ribus,
198 1093 415 1166 argumentum
436 1084 523 1147 duxit
544 1095 577 1146 et
598 1108 633 1148 ex
653 1088 749 1148 rebus
770 1086 904 1171 publicis
927 1095 958 1149 et
979 1107 1014 1147 ex
1034 1107 1109 1170 gra·-

73 1193 273 1252 vissimorum
314 1194 446 1255 civitatis
480 1196 623 1256 virorum
652 1195 717 1258 vita
749 1195 873 1280 privata
901 1195 1048 1258 baustum
1074 1201 1107 1252 et
1189 1249 1191 1259 ,

74 1298 148 1357 satis
176 1298 335 1376 idoneum,
366 1321 429 1382 quo
461 1293 705 1364 delectationem
736 1302 855 1386 largam
884 1302 954 1363 sibi*
970 1301 1003 1362 ia
1025 1319 1110 1380 quo--

75 1425 204 1487 cunque
221 1413 323 1470 coetu
343 1404 548 1468 Athenienses
579 1429 764 1492 comparare
786 1418 933 1493 ‘possent3
955 1416 1023 1468 tum
1038 1425 1102 1472 non

68 1510 224 1573 credibile
247 1521 304 1590 est,
325 1522 455 1595 poetam
475 1515 634 1575 comicum
654 1514 751 1576 scolia
764 1514 988 1597 composuisse,
1008 1533 1103 1596 prae-

70 1619 180 1692 sertim
207 1640 280 1680 cum
308 1629 431 1682 veteres
461 1629 604 1682 auctores
627 1620 667 1683 de
689 1621 745 1683 tali
767 1631 884 1682 conatu
906 1642 946 1682 ue
965 1619 1098 1694 verbum

68 1723 200 1806 quidem
226 1724 370 1797 tradant;
403 1748 507 1810 neque
536 1727 654 1812 probat
683 1726 856 1812 quidquam
880 1724 1099 1808 Aristophanis

65 1830 236 1913 interpres,
260 1833 313 1916 qui
329 1833 493 1896 Cratinum
515 1834 620 1914 μέλων
638 1837 769 1917 ποιητὴν
790 1843 894 1911 vocat,
920 1832 993 1916 quia
1014 1825 1096 1910 μέλη

64 1937 106 1998 dc
139 1939 248 2019 quovis
275 1939 414 2000 carmine
435 1940 547 2023 lyrico,
579 1941 785 2016 acomoedia
806 1962 870 2001 non
892 1939 1008 2015 alien0,
1030 1936 1097 1998 dici

61 2055 209 2126 possunt.
250 2046 356 2125 Magni
375 2045 528 2134 momenti
550 2057 623 2108 sunt
642 2049 739 2108 verba
760 2046 953 2108 scholiastae
972 2045 1012 2106 ad
1026 2044 1101 2104 Ari-

61 2147 230 2230 stophanis
253 2148 357 2206 Nubes
379 2152 467 2226 1367.
489 2142 570 2208 ἀλλά
589 2143 753 2228 μυῤῥίνην]
775 2145 928 2231 μυῤῥίνης
948 2154 1007 2230 γὰρ
1023 2145 1099 2208 att.

59 2257 120 2317 dor
144 2249 323 2332 κατέχοντες
343 2243 419 2338 ᾖδον
436 2253 475 2314 td
497 2248 674 2332 Αἰσχύλου,
692 2245 795 2334 ὥσπερ
813 2253 852 2313 τὰ
867 2247 1004 2334 Ὁμήρου
1022 2254 1102 2343 uerti

58 2357 197 2444 δάφνης.
227 2393 270 2408 -‹
301 2357 490 2442 Δικαίαρχος
524 2357 559 2422 ἐν
588 2356 633 2446 τῷ
664 2353 736 2441 περὶ
761 2357 924 2439 μουσικῆς·
965 2353 1034 2436 ,ἔτι
1067 2355 1102 2420 δὲ

55 2461 172 2530 κοινόν
203 2487 234 2526 τι
262 2461 362 2539 πάθος
390 2459 441 2528 ἀεὶ
465 2462 605 2549 φαίνεται
633 2467 873 2538 συνακολουθεῖν
892 2469 959 2538 τοῖς
980 2465 1100 2547 διερχο-

52 2571 179 2656 μένοις,
212 2567 270 2634 εἴτε
296 2572 374 2649 μετὰ
403 2566 529 2650 μέλους,
553 2567 610 2634 εἴτε
633 2563 704 2634 ἄνευ
727 2567 853 2651 μέλους,
875 2567 987 2652 ἔχοντά
1009 2571 1100 2656 σιτῇ

48 2679 142 2764 χειρί
170 2680 331 2740 ποιεῖσθαι
355 2678 412 2758 τὴν
440 2670 605 2762 ἀφήγησιν*
645 2676 727 2740 οἵτε
752 2679 811 2762 γὰρ
833 2668 958 2765 ᾅδοντες
978 2677 1012 2742 ἐν
1031 2684 1099 2751 τοῖς

53 2783 257 2869 συμποσίοις
277 2783 312 2846 ἐκ
327 2783 462 2857 παλαιᾶς
481 2806 564 2858 τινος
590 2779 791 2868 παραδόσεως
812 2783 916 2848 κλῶνα
938 2780 1057 2868 δάφνης
1077 2774 1100 2866 ἢ

51 2889 219 2978 μυῤῥίνης
246 2885 392 2970 λαβόντες
422 2881 581 2978 dtovuur‘
632 2893 698 2952 lam
726 2891 751 2952 si
774 2891 1012 2974 tragoediarum
1030 2887 1095 2946 Ae-

50 3000 157 3084 schyli
175 3007 288 3081 partes
312 2998 343 3057 in
366 2999 526 3081 symposiis
548 2998 776 3073 recitabantur,
799 2995 876 3079 quid
894 2995 1008 3070 obstat,
1034 3011 1098 3076 quo
1177 3069 1181 3077 1

48 3107 160 3166 minus
185 3103 276 3164 idem
299 3103 338 3164 de
355 3105 484 3165 Cratino
502 3103 693 3166 statuamus?
713 3101 859 3184 Denique
875 3121 911 3162 ex
924 3099 998 3182 ipsis
1019 3099 1098 3160 Cra-

48 3212 112 3276 tini
139 3209 253 3272 verbis
290 3211 328 3270 ab
354 3209 563 3293 Aristophane
584 3211 715 3272 laudatis
735 3209 886 3292 colligere
906 3228 999 3292 posse
1019 3203 1099 3266 mihi

46 3319 182 3394 videor,
208 3314 380 3398 depromta
401 3337 440 3376 ea
462 3337 527 3377 esse
550 3337 586 3378 ex
606 3314 782 3392 comoedia,
803 3314 836 3374 in
856 3314 944 3374 cuius
970 3311 1095 3372 cantico

44 3427 195 3514 quodam
228 3421 273 3483 oh
304 3418 495 3484 deteriorem
524 3425 557 3484 in
582 3423 723 3484 moribus
749 3419 968 3486 conditionem
995 3416 1097 3498 magi-

44 3546 188 3600 stratum
219 3527 407 3591 muneribus
439 3537 625 3611 corruptum
652 3537 685 3590 et
710 3525 830 3603 omniat
862 3544 942 3607 quae
962 3521 1097 3583 civitatis

43 3654 132 3724 sunt,
147 3637 351 3704 vendentem
370 3636 485 3698 acerbe
507 3633 705 3718 aggreditur3
726 3629 863 3715 ideoque
885 3628 976 3691 deam
995 3649 1095 3712 quan-

44 3756 121 3816 dam
144 3748 249 3824 linxit,
275 3764 357 3825 quae
380 3743 482 3823 Δωρώ
506 3738 681 3823 appellatur
701 3739 907 3818 (vocabulum
927 3761 944 3798 a
961 3734 1091 3795 Cratino

42 3861 134 3922 haud
156 3854 261 3920 dubie
285 3849 413 3917 fictum
435 3847 591 3908 simillimo
613 3845 697 3907 enim
719 3843 814 3908 modo
833 3845 921 3906 idem
938 3842 1016 3906 fecit
1033 3860 1091 3900 vo-

42 3967 201 4028 cabulum
234 3954 339 4030 Δεξῶ,
366 3946 426 4015 dut
458 3953 516 4014 τοῦ
541 3951 685 4033 δέχεσθαι
707 3953 804 4037 δῶρα.
845 3953 886 4016 cf.
909 3947 1042 4033 Hesyoh.
1066 3967 1090 4006 s.

41 4100 71 4140 v.
95 4072 154 4136 ubi
180 4069 244 4132 alia
268 4057 424 4128 eiusmodi
448 4068 583 4134 exstant,
605 4069 636 4121 et
655 4059 724 4124 VV.
748 4047 818 4130 DD.
841 4059 881 4122 ad
902 4054 1038 4122 eundem
1058 4073 1087 4112 r.
