2846 4788
467 371 710 438 ..71-

79 545 253 632 rtophanes,
278 547 386 628 (buln
402 551 484 632 555.)
511 549 553 612 de
581 549 762 633 Phrynicho
785 559 817 613 et
836 549 1014 613 Athenaeus
1036 547 1105 614 Vll.

78 659 152 736 aas,
169 656 209 720 de
226 656 363 720 Platone*
376 633 510 721 comico.
534 656 582 720 cf.
595 656 754 740 Aristoph.
770 657 997 740 Thesmophor.
1017 663 1106 722 rodr-

161 767 233 828 lton
257 764 396 840 substitit
416 765 616 833 Caeneus-in
637 766 818 828 cavillandis
838 767 981 828 virerum
1000 765 1109 828 'adhue

82 871 255 945 viventium
277 871 453 936 actionibus
475 881 508 934 et
528 872 679 948 moribus,
703 871 758 934 sed
771 872 865 934 ‘varie
879 872 952 933 lusit
967 871 1000 932 in
1016 892 1111 934 scena

84 977 278 1058 adornanda,
297 995 433 1060 ‚eamque
452 977 493 1038 ad
510 978 627 1042 inferos
639 981 831 1042 transferens
845 979 1012 1041 illustrium
1025 977 1111 1040 hau'd

84 1083 181 1144 dubie
202 1083 345 1150 vuarim
367 1084 583 1154 conditionem
606 1095 800 1170 poenasque,
820 1096 898 1170 quas
919 1095 991 1170 post
1016 1085 1113 1148 vitam

72 1189 264 1274 'pernetam
287 1190 412 1255 dedisse
439 1191 536 1270 finiit,
577 1191 682 1276 lepide
712 1192 919 1256 adumbravit.
969 1194 1010 1255 At
1031 1198 1115 1252 acts

87 1317 154 1370 esse
176 1297 250 1369 talia
263 1298 309 1372 ‚in
324 1298 614 1392 dramatiailrati'ni
632 1299 800 1362 confirmat
813 1299 1024 1384 Aristarchus,
1041 1321 1117 1361 nar-

86 1425 159 1464 rans
187 1389 352 1468 inductum
384 1427 449 1468 esse
481 1406 618 1491 aliquem
649 1407 689 1470 ab
719 1429 757 1470 eo
789 1405 874 1491 apud
894 1407 1011 1470 inferos
1029 1405 1118 1468 funi-

89 1511 207 1592 culum.
226 1512 558 1596 plicantem„asinum
589 1537 667 1578 vero
699 1537 783 1592 eum,
822 1515 897 1577 dum
919 1523 1115 1590 necteretur,

88 1619 292 1696 arrodentem
326 1629 360 1682 et
393 1621 482 1704 quasi
495 1621 740 1688 'detondeutem
773 1620 877 1698 (Phot
917 1622 991 1681 Lex.
1026 1611 1119 1682 Ὄνου

90 1720 215 1808 πόκαι);
237 1724 443 1791 iudeorum
465 1749 530 1818 esse
543 1728 749 1810 proverbium
769 1717 860 1791 'Oreo
877 1722 982 1803 uo'xnt,
1000 1725 1120 1788 dictum

6 1917 7 1922 η
93 1832 133 1894 de
165 1833 366 1908 rebusvanis
388 1843 421 1894 et
439 1833 595 1911 inanibus,
619 1855 700 1918 quae
723 1832 764 1894 ad
784 1844 909 1896 certum
929 1831 1121 1896 linem.duci

89 1939 219 2004 omnino
241 1947 404 2019 nequeunt
425 1939 477 2026 (cl.
498 1939 588 2026 'Suiu
610 1932 628 1994 1⁹
623 1941 705 2003 Otos
725 1935 830 2004 πόκαι.
859 1939 1019 2026 Aristoph.
1040 1941 1120 2002 Rau.

92 2047 162 2110 188.
193 2052 226 2105 et
254 2041 360 2106 Schol.
390 2042 445 2102 ubi
474 2043 534 2102 alia
564 2043 656 2104 huius
679 2045 808 2108 dicendi
826 2047 957 2108 rationis
983 2047 1124 2130 exempla

92 2147 227 2218 collecta
257 2148 357 2223 sunt).
408 2147 500 2230 Apud
528 2149 646 2209 inferos
667 2149 743 2210 dicti
767 2161 840 2212 sunt
859 2153 993 2212 sortasse
1015 2173 1124 2214 versus

94 2252 217 2322 Cratini
247 2253 332 2336 apud
362 2253 629 2337 Hephaestionem
656 2277 689 2337 p.
715 2259 838 2338 96:15.
861 2257 988 2336 servati,
1011 2258 1124 2342 quibus

94 2359 204 2445 aliquis
216 2359 408 2428 ·Clraroue1n
428 2359 545 2424 diserte
565 2360 749 2445 alloquitur.
955 2367 957 2372 '

121 2533 122 2538 ,
175 2467 262 2536 Haec
293 2466 522 2550 fragmenta-si
545 2469 721 2530 accuratius
741 2469 979 2553 perlustramus,
1001 2445 1157 2554 opinio:

95 2597 179 2652 nem,
214 2595 311 2658 quam
341 2582 486 2636 auctores
511 2583 637 2636 veteres*
661 2585 694 2636 et
714 2577 909 2660 grammatici
932 2577 971 2640 de
996 2577 1127 2639 Cratino

95 2684 309 2768 protulerunt,
333 2692 441 2744 nostra
463 2691 581 2744 tessera
597 2684 727 2754 omnino
747 2685 970 2747 confirmemus
990 2692 1128 2767 oportet.
1150 2741 1154 2748 .

98 2791 313 2858 Acmhitatem
325 2789 408 2867 dico,
419 2787 506 2850 illam
514 2781 706 2852 Archilocho
722 2792 887 2876 propriam
901 2791 1130 2873 maximamque

98 2899 133 2958 in
167 2896 384 2981 aggrediendis
411 2895 538 2958 summis
557 2896 607 2956 rei
631 2897 777 2981 publicae
802 2897 877 2958 viris
904 2897 1130 2972 temeritatem,

99 3025 182 3088 quae
210 3005 254 3064 ita
284 3015 353 3066 erat
379 3004 439 3088 ipsi
466 3025 485 3065 a
511 3013 625 3066 natura
655 3005 824 3066 constituta
848 3013 880 3066 et
902 3003 990 3086 quasi
1010 3003 1131 3082 innata,

97 3119 138 3174 ut
162 3130 266 3192 neque
295 3111 420 3173 cuidam
448 3121 597 3194 parceret
626 3131 730 3192 neque
762 3109 963 3171 atrocitatem
993 3108 1131 3170 iocando

100 3218 313 3294 deminueret,
345 3217 401 3278 sed
431 3216 625 3280 adversarios
643 3215 784 3277 funditus
808 3214 931 3278 delerat
960 3217 1130 3301 (Aristopht

100 3327 165 3410 Eq.
187 3327 280 3397 bah).
321 3323 414 3384 Hunc
436 3323 556 3384 Cratini
579 3322 796 3384 characterem
816 3333 853 3383 ut
874 3325 1086 3385 strenuiorem
1100 3335 1134 3388 et

100 3432 303 3497 acerbiorem
328 3429 533 3493 Athenienses
566 3451 631 3492 non
652 3427 823 3490 admodum
844 3429 993 3492 videntur
1014 3451 1134 3494 amasse

101 3543 137 3602 in
168 3535 344 3614 comoedia,
380 3557 487 3620 quum*
507 3535 722 3619 Aristophanis
758 3534 883 3616 lepores
917 3545 950 3596 et
979 3535 1133 3616 hilaritas,

101 3666 184 3732 quae
206 3644 337 3729 propius
367 3642 409 3704 ad
429 3665 541 3705 eorum
561 3664 666 3724 mores
688 3642 782 3704 rebus
805 3641 975 3704 levioribus
999 3655 1135 3706 eonten-

101 3765 152 3814 tos
176 3751 381 3829 accedebant,
402 3751 435 3812 in
459 3771 553 3842 scena
567 3749 787 3811 audiebantur.
809 3749 1034 3832 Aristophanes
1050 3749 1135 3814 hane

101 3839 325 3934 ramzmaxime
358 3867 555 3941 compertam
581 3857 699 3920 habens
722 3857 755 3917 in
776 3856 922 3938 parabasi
944 3857 985 3918 ad
1004 3855 1135 3940 Equites

103 3963 346 4028 Atheniensibus
368 3967 505 4050 exponit,
527 3989 621 4048 quam
645 3965 707 4026 sint
728 3963 786 4026 sibi
798 3964 1022 4041 inconstantes,
1035 3987 1137 4048 quan-

103 4081 218 4159 topere
248 4095 362 4140 eorrun
392 4072 556 4158 ingenium
575 4071 608 4134 ia
630 4069 725 4135 horas
745 4070 862 4137 mutari
881 4071 979 4159 possit
1000 4081 1033 4137 et
1054 4093 1135 4158 quo·
