2814 4784
706 307 1065 398 —asu'

318 514 532 600 interpunctio
553 533 762 596 versuumque
776 509 954 572 distributio
970 506 1190 593 proficiscitur,
1205 505 1363 590 benigne

317 645 443 688 mecum
471 619 713 684 communicavit
742 619 790 684 Cl,
818 615 1016 694 Welckerus,
1046 617 1248 699 praeceptor
1270 616 1361 676 mibi

318 751 437 794 summe
464 727 623 792 colendus.
671 725 797 787 Priores
819 744 925 786 versus
946 720 1033 783 haud
1054 720 1149 782 dubie
1171 721 1214 780 sic
1238 720 1361 804 dispo-

319 836 413 898 nendi
434 845 522 896 sunt:

393 981 482 1050 'Ali'
503 982 734 1067 ε’παναστρὲψαι
754 978 910 1065 βούλομαι
933 980 975 1056 εἷς
995 981 1050 1044 τόν
1072 979 1166 1062 λόγον

396 1089 569 1178 Πρότερον·
591 1085 773 1163 Ἐκεῖνος
793 1088 897 1173 πρός
927 1081 1072 1171 ἑτέραν
1098 1086 1262 1168 γυναῖκ’
1291 1089 1351 1162 (sc,

915 1195 971 1276 τῆν
994 1189 1124 1276 Μέθην)
1145 1187 1249 1273 ἔχων

395 1305 469 1368 τόν
489 1303 595 1382 νοῦν,
616 1305 697 1367 κακ’
718 1293 803 1367 εἶπε
822 1303 924 1388 apic
945 1293 1088 1385 ἑτέραν
1115 1303 1168 1378 (sc.
1190 1299 1247 1380 τῆν
1266 1299 1348 1360 Κω-

915 1405 1048 1493 μῳδίαν)
1069 1409 1119 1442 ***
1155 1403 1157 1408 ’

314 1556 420 1644 Λόγος
440 1562 578 1645 pertinet
599 1561 639 1624 ad
660 1563 891 1625 accusationem
910 1559 1023 1645 (δίκην)
1044 1561 1083 1622 ab
1104 1579 1200 1624 uxore
1222 1570 1342 1642 poetae

313 1669 444 1757 illatam,
474 1669 513 1730 ad
546 1691 639 1753 quam
668 1670 843 1731 accuratius
871 1666 1130 1752 perpendendam
1151 1676 1184 1728 et
1208 1667 1341 1743 ‹unnim›

311 1761 513 1859 refutandam
532 1776 619 1838 finita
641 1775 822 1838 defensione
845 1773 929 1836 redit
950 1773 1105 1834 Cratinus.
1154 1774 1341 1834 Accusatio-

313 1880 360 1940 nis
394 1881 529 1942 formula
557 1881 667 1964 incipit
697 1903 789 1944 versu
819 1879 973 1943 secundo:
995 1874 1127 1952 Ἐκεῖνος
1157 1888 1243 1950 ceta
1266 1891 1338 1962 post

314 1988 394 2068 πρὸς
424 1983 533 2070 ἑτέραν
560 1987 610 2048 vel
633 1987 709 2050 alius
731 1989 818 2049 locus
839 1988 950 2072 incipit
968 1987 1017 2050 vel
1039 1997 1174 2071 propter
1193 1987 1336 2048 Scholia-

312 2101 378 2154 stac
411 2093 632 2178 negligentiam
660 2094 692 2156 in
722 2095 793 2160 loco
821 2095 1029 2158 describendo
1053 2095 1166 2157 lacuna
1187 2104 1257 2156 otta
1280 2105 1334 2172 est,

312 2220 393 2282 quae
415 2221 450 2260 ex
469 2210 571 2262 metro
596 2200 792 2264 claudicante
809 2203 912 2264 statim
929 2201 1114 2285 percipitur.
1157 2201 1269 2262 Sensus
1283 2202 1334 2262 hic

209 2323 211 2332 ⁴
312 2315 373 2366 est:
405 2305 460 2367 llle
494 2307 633 2368 animum
654 2307 790 2368 intendit
812 2305 852 2368 ad
872 2306 965 2366 aliam
987 2329 1115 2369 uxorem
1138 2317 1171 2368 et
1194 2309 1226 2368 in
1247 2310 1332 2392 prio-

298 2432 381 2482 rem
411 2411 579 2473 maledicta
612 2425 753 2486 exercet3
784 2409 951 2497 p'raeterea
973 2424 1075 2476 aetate
1097 2423 1144 2514 pst
1165 2415 1331 2476 admodum

309 2526 479 2599 provectus
502 2526 534 2578 et
555 2518 621 2596 tali,
644 2519 769 2602 qualem
790 2540 822 2580 se
845 2529 937 2581 antea
958 2522 1100 2603 gerebat,
1120 2543 1234 2604 parum
1248 2522 1332 2582 simi-

309 2621 356 2682 lis.
398 2621 542 2706 Abrupta
564 2635 610 2686 est
635 2624 736 2684 oratio
758 2623 790 2684 in
810 2625 872 2686 fine
894 2625 1029 2710 ideoque
1051 2627 1206 2710 quaedam
1227 2638 1329 2690 metite

308 2729 484 2813 supplenda
505 2740 586 2792 sunt.
620 2729 781 2820 ‘Cratinus
804 2730 934 2792 crimine
953 2731 1040 2794 hand
1062 2733 1156 2795 dubie
1180 2733 1330 2802 liberatur

309 2846 342 2900 ct
371 2837 434 2899 hoc
463 2845 726 2921 temperamento,
754 2846 790 2898 ut
814 2835 949 2916 videtur,
980 2839 1065 2902 inter
1093 2839 1181 2900 illum
1204 2863 1329 2905 comoe-

309 2945 443 3028 diaeque
469 2947 592 3006 Musam
619 2945 791 3006 concordia
813 2957 981 3008 revocatur
1004 2956 1036 3007 et
1056 2946 1242 3044 restituitur.
1283 2948 1329 3008 Ad

308 3051 480 3114 divortium
507 3051 619 3135 ipsum,
652 3051 739 3136 quod
767 3053 843 3116 fecit
874 3073 946 3114 cum
974 3053 1157 3132 Comoedia,
1188 3065 1329 3138 spectant

257 3140 265 3166 χ
306 3157 386 3218 haec
409 3158 525 3218 verba':
705 3226 711 3232 β

427 3263 459 3327 Γ
455 3263 512 3344 ovi
534 3263 564 3326 d'
584 3262 702 3328 ἐκείνου
723 3260 873 3351 πρότερον
895 3255 941 3348 ἦν,
964 3266 1020 3329 νῦν
1041 3267 1069 3328 δ’
1098 3259 1213 3330 οὐκέτι.

304 3368 409 3430 Sclaol.
441 3368 481 3430 ad
512 3371 603 3432 Hom.
632 3373 666 3432 ll.
699 3397 721 3436 ε.
752 3396 779 3435 v.
803 3378 870 3438 53³.
894 3373 944 3435 ed.
963 3367 1129 3434 Villoison.
1158 3375 1327 3455 Perperam

304 3477 366 3562 legi
394 3479 480 3562 παρὰ
507 3474 651 3562 Κράτητι
679 3478 713 3543 ἕν
741 3477 864 3563 Πυτίνῃ
894 3479 1078 3570 intelligitur
1102 3503 1136 3540 ex
1157 3478 1328 3540 Scholiasta

303 3585 346 3646 ad
368 3585 498 3646 Homeri
533 3586 644 3670 Odyss.
665 3589 696 3648 θ.
722 3589 788 3648 ι86.
810 3584 860 3645 ed.
883 3587 1011 3662 Buttm.‚
1037 3587 1091 3670 qui
1115 3586 1227 3648 eadem
1249 3585 1328 3646 exhi·

301 3691 359 3751 bet
384 3701 416 3751 et
444 3693 543 3754 nostri
567 3702 682 3775 poetae
711 3711 827 3752 nomon
854 3691 1011 3760 adscribit.
1061 3691 1219 3774 Inpriori
1240 3703 1326 3774 parte

187 3857 190 3862 ,
302 3796 428 3866 fabulae
448 3799 575 3860 videtur
598 3799 742 3859 Cratinus
765 3819 854 3857 suam
873 3799 1004 3858 bibendi
1025 3799 1207 3892 facultatem
1227 3799 1327 3881 palam

186 3900 197 3922 ⁴
303 3903 485 3983 ostendisse,
508 3905 658 3990 propinat
681 3903 746 3966 aliis
769 3905 819 3984 (cf.
840 3903 951 3976 Athen,
973 3909 1014 3968 X.
1031 3931 1063 3991 p.
1075 3911 1144 3988 426.
1165 3907 1212 3982 B.)
1236 3916 1326 3990 atque

301 4010 379 4074 ⁸5⁰⁵
407 4033 521 4091 ωθΐθὸν
554 4013 667 4098 quibus
694 4011 727 4074 in
748 4013 1033 4098 compotationibus
1054 4013 1257 4080 Athenienses
1282 4015 1327 4078 uti
1383 3987 1384 4052 l
