2814 4784
478 370 721 432 *lt-

118 535 122 546 ⁸
172 538 214 612 Ὦ
236 549 300 624 ’ναξ
324 538 494 623 Ἄπολλον,
515 545 578 609 τῶν
598 545 682 612 ἐπῶν
700 546 763 609 τῶν
784 542 964 630 ῥευμάτων]

166 654 352 735 Καναχοῦοι
373 672 478 734 anyer·
499 648 749 734 δωδεκάκρουνον
769 648 880 732 στόμα·

162 745 302 833 'Herode
322 759 357 826 ἐν
376 754 521 841 φάρυγγι·
541 754 578 820 τί
594 747 633 820 dv
652 752 771 839 εἴποιμι
794 779 846 820 σοι
853 782 864 838 ;

167 867 211 930 Εἰ
228 869 273 947 μὴ
292 867 353 948 γὰρ
374 859 515 946 irradiare
541 887 588 938 τις
608 855 707 927 αὐτοῦ
726 865 762 926 τὰ
788 858 901 944 στόμα,

169 967 430 1040 ’Ἀπανταπαῦτα
449 965 636 1036 κατακλύσει
656 969 838 1054 ποιήμασιν.

80 1078 185 1139 Huius
215 1078 370 1162 imaginis,
418 1101 479 1164 qna
501 1078 651 1140 orationis
681 1079 861 1141 volubilitas
900 1086 932 1140 ct
959 1079 1114 1142 masculas

78 1185 175 1268 vigor
205 1182 325 1246 flumini
358 1194 573 1270 comparatur,
612 1185 731 1250 nubem
758 1186 973 1271 exemplorum
1001 1188 1114 1251 videsis

77 1292 168 1375 apud
209 1292 491 1356 Mitscherlichium
530 1293 571 1356 ad
610 1294 736 1356 Horatii
765 1293 906 1356 carmina
935 1293 987 1356 lV.
1020 1313 1050 1358 κ.
1084 1297 1113 1360 5.

76 1398 192 1463 Suidas
213 1421 242 1460 v.
267 1398 500 1484 Δωδεκάκρουν.
531 1395 635 1481 στόμα
656 1401 775 1462 Cratini
793 1402 891 1466 verha
911 1399 998 1463 haud
1018 1400 1114 1463 dubie

75 1527 112 1566 ex
134 1503 306 1568 scholiasta
329 1506 370 1568 ad
394 1507 612 1591 Aristophanis
639 1509 769 1592 Equites
789 1530 818 1572 v.
840 1512 910 1574 διδ.
931 1507 1046 1587 hausit,
1066 1508 1114 1570 vi-

73 1609 159 1673 tio'se
181 1635 259 1676 vero
282 1612 456 1698 descripsit.
509 1616 545 1676 ln
564 1614 669 1699 primo
688 1636 782 1678 versu
803 1615 970 1678 scribendo
994 1625 1026 1678 et
1047 1615 1112 1676 dis-
1140 1623 1157 1694 j

6 1733 15 1744 ·
75 1718 254 1802 tribuendo
284 1729 409 1782 secutus
448 1741 518 1784 sum
548 1722 709 1806 Toupium
742 1721 930 1799 (Emendatt.
960 1723 993 1784 in
1024 1720 1112 1783 Suid.

73 1826 129 1884 lll.
151 1848 184 1909 p.
207 1829 282 1904 so),
304 1826 358 1911 qni
376 1830 485 1890 vertit:
510 1828 604 1892 Good
620 1831 694 1912 god,
710 1832 800 1892 what
812 1850 835 1890 α
845 1827 932 1916 stow
952 1829 995 1908 os
1005 1827 1115 1888 words

71 1933 99 1990 is
130 1932 227 1993 here!
260 1934 397 2019 ideoque
429 1937 605 2000 secundum
635 1959 762 2001 versum
790 1947 823 1999 et
842 1935 929 1999 tertii
952 1934 1114 1997 dimidiam

73 2049 207 2125 partem
227 2050 316 2102 recte
337 2061 398 2123 pro
410 2043 560 2126 singulari
576 2045 769 2126 expositione
783 2042 957 2106 sententiae
971 2043 1004 2102 in
1020 2061 1113 2102 versu

71 2144 184 2226 primo
216 2143 389 2204 universim
418 2165 579 2227 expressae
609 2148 723 2228 habuit
743 2158 775 2210 et
799 2158 967 2230 praeterea
986 2169 1114 2209 versum

71 2248 189 2311 laudat
211 2267 247 2308 ex
267 2247 483 2332 Aristophanis
509 2251 593 2312 Pace
614 2273 643 2312 r.
666 2258 737 2334 237,
760 2251 844 2314 unde
867 2251 993 2314 dicendi
1013 2249 1114 2312 ratio-

72 2379 150 2420 nem
173 2355 208 2416 in
229 2353 334 2438 primo
354 2376 447 2418 versu
462 2357 602 2441 prohat:

160 2453 213 2525 Ὠ
232 2465 299 2538 ’ναξ
322 2453 492 2542 Ἄπολλον,
512 2463 568 2546 τῆς
587 2464 696 2540 θυείας
717 2463 775 2528 τοῦ
794 2461 952 2539 πλάτους]

67 2572 169 2634 Plura
204 2571 245 2633 de
272 2569 333 2631 hec
361 2569 523 2633 locutione
553 2571 733 2635 observavit
750 2571 844 2654 ¹idem
877 2573 926 2635 vir
947 2571 1058 2636 doctus
1079 2571 1114 2634 in
1149 2605 1151 2608 ·

69 2677 258 2742 Emendatt.
284 2677 326 2738 ad
347 2676 436 2738 Suid.
458 2679 482 2738 l.
503 2701 535 2764 p.
560 2701 607 2743 ιι.

159 2790 199 2850 Ιη
234 2805 330 2848 versu
370 2785 511 2848 seeundo
547 2787 719 2868 καναχοῦσι
749 2788 872 2851 restitui
901 2808 918 2849 e
953 2784 1051 2848 Suida
1081 2806 1112 2846 v.

65 2892 229 2981 Ἀφελεία
275 2890 417 2974 Toupius
451 2893 529 2954 scite
559 2905 670 2956 monet
699 2895 720 2954 l.
752 2917 780 2956 c.
811 2905 940 2980 poetam
970 2901 1115 2953 nostrum

70 3025 137 3066 non
158 3003 227 3063 sine
250 2999 353 3082 gratia
376 2997 514 3060 allusisse
537 2999 577 3060 ad
597 3001 718 3062 fontem
740 2998 968 3083 ἕννεάκροονον,
989 2998 1043 3082 qui
1057 3019 1115 3059 an·

69 3121 125 3172 tea
146 3117 281 3170 vocatus
304 3115 351 3167 cst
372 3100 539 3188 Καλλιρόη
552 3105 600 3191 *);
642 3107 772 3170 Suidam
792 3129 869 3174 vero
892 3105 1014 3193 lapsum
1035 3127 1113 3183 esse,

72 3239 148 3280 cum
173 3207 439 3296 Δωδεκᾶκροονον
467 3212 552 3274 hunc
571 3215 692 3276 fontem
715 3214 908 3299 appellatum
930 3211 1114 3290 contendat,

73 3322 203 3409 egregie
234 3315 317 3378 vidit
345 3319 500 3380 Meursius
516 3319 581 3400 **).
636 3320 745 3384 Verba
776 3321 892 3388 Suidae
920 3321 1001 3382 haec
1024 3323 1114 3379 sunta

72 3424 350 3509 Δωδεκάκροονος,
382 3422 479 3509 κρήνη
505 3418 678 3511 Ἀθῆνῃσιν
696 3418 744 3508 ἦν.
774 3425 976 3505 Θοακοδιλλης·
994 3419 1114 3486 ’Essed-

72 3559 220 3627 κροανον.
266 3531 415 3594 Cratinus
438 3555 511 3594 cum
533 3556 650 3618 augere
674 3543 846 3596 conaretur
867 3554 956 3593 suam
970 3531 1114 3616 gloriam,

72 3649 137 3710 ioci
160 3663 258 3708 causa
280 3637 485 3702 hauddubie
508 3639 592 3702 nuxit
613 3662 739 3726 quoqne
761 3640 912 3702 tuborum
933 3659 1113 3716 numerum,

141 3873 171 3944 *)
190 3872 358 3942 Harpoetst.
377 3885 405 3921 v.
424 3837 642 3940 ἰννεακρουνον.
660 3865 789 3939 Thucyd.
809 3865 846 3920 11.
866 3887 890 3920 e.
908 3865 951 3922 15.

142 3989 189 4061 **)
207 3989 251 4043 De
284 3985 421 4066 Ceramici
447 3959 656 4040 Atheniensium
685 3985 827 4058 utriusqus
849 3981 1067 4056 antiquitatibus
1088 3999 1116 4036 e·

72 4087 152 4150 XIV.
172 4088 203 4146 in
226 4081 364 4142 Gronovii
381 4078 468 4135 Thes.
489 4080 635 4153 nunquia.
655 4075 754 4137 Graes.
773 4078 806 4144 Τ.
827 4077 878 4136 1v.
897 4096 926 4148 p·
946 4077 1006 4148 932.
