2814 4784
710 345 950 412 ...3οω

397 527 454 588 Tos
474 523 599 610 γάρτοι
621 509 779 611 essedonas
799 522 909 606 δόμοις
929 522 1037 608 ἔβρυεν
1057 515 1117 606 εἶχε
1150 523 1184 588 δὲ
1204 523 1302 612 κιττῷ
1320 525 1356 608 “)

430 629 582 712 μέτωπον,
607 624 659 696 οἷα
679 631 732 698 οἷαὶ
750 633 802 711 οὔ,
822 627 1060 714 κεκροκωμένον.

311 747 405 822 atque
427 739 574 804 Horatius
596 739 698 822 Epist.
724 743 746 801 l.
771 763 819 824 ¹9·
842 739 910 800 init.

389 845 499 908 Prisco
522 847 547 906 si
569 847 683 924 credis,
706 849 872 908 Maecenas
893 845 998 920 docte,
1019 843 1161 920 Cratino,

377 931 480 1013 ⁴Nulla
501 953 628 1035 placere
648 953 713 1030 diu,
735 973 794 1013 nec
812 952 918 1012 vivere
940 951 1078 1010 carmina
1098 960 1239 1033 possunt,

391 1060 481 1138 Quae
502 1059 685 1118 scribuntur
707 1079 806 1142 aquae
827 1057 993 1140 potoribus
1014 1091 1055 1102 -

309 1164 446 1250 denique
467 1175 563 1248 poeta
586 1174 694 1226 noster
715 1163 799 1248 apud
820 1164 1016 1226 Athenaeum
1037 1164 1092 1224 Xl.
1118 1187 1149 1247 p.
1172 1171 1242 1246 466.

432 1275 523 1334 Πιεῖν
543 1271 577 1332 δὲ
600 1265 735 1346 θάνατος
756 1264 849 1348 οἶνον,
870 1263 1011 1356 desidero
1032 1269 1104 1357 ἐπῇ.

312 1381 357 1439 Cf.
380 1378 494 1439 Athen.
517 1381 553 1438 ll.
576 1402 607 1464 p.
626 1386 675 1459 43.
698 1381 733 1440 F.
757 1382 781 1444 l.
803 1402 834 1463 p.
858 1399 907 1443 νο.
929 1381 965 1440 F.

390 1486 473 1566 llum
495 1507 570 1548 vero
594 1487 738 1548 Cratinus
760 1487 842 1548 solus
864 1487 896 1548 in
919 1487 992 1564 vino
1016 1487 1158 1570 vigorem
1170 1507 1207 1546 ac
1220 1485 1343 1549 virium

312 1591 430 1674 ingenii
465 1593 729 1658 restaurationem
765 1593 936 1676 quaesivit?
969 1595 1079 1654 Nonne
1111 1593 1271 1670 Horatius,
1305 1605 1343 1656 ut

312 1699 396 1760 inter
422 1699 638 1760 Romanorum
666 1709 775 1783 poetas
803 1702 836 1760 in
858 1699 920 1761 hoc
943 1721 1008 1760 uno
1030 1699 1207 1777 consistam,
1228 1700 1342 1761 vinum

311 1805 499 1890 primarium
518 1807 763 1898 poesis-socium
784 1805 1015 1868 arbitrabatur?
1037 1825 1143 1866 nonne
1164 1805 1252 1866 siccis
1269 1828 1341 1868 om-

309 1914 362 1974 nia
383 1915 462 1974 dura
485 1913 579 1974 deum
600 1914 799 1996 proposuisse
823 1922 975 1991 autumat,
995 1913 1198 1994 Enniumque
1211 1922 1339 1996 patrem

310 2045 485 2106 nunquam,
524 2022 583 2082 nisi
616 2031 738 2104 potum,
775 2021 816 2082 ad
845 2043 932 2082 arma
964 2021 1145 2104 prosiluisse
1178 2019 1337 2082 dicenda?

309 2131 401 2192 Ehrii
428 2136 577 2213 poemata
604 2150 658 2189 suo
685 2151 879 2213 componere
905 2139 1140 2193 consueverunt
1158 2127 1338 2210 Aeschylus,

310 2237 535 2321 Aristophanes
566 2245 598 2297 ct
626 2225 757 2298 Alcaeus
787 2247 936 2298 monente
962 2235 1125 2298 Athenaeo
1151 2237 1193 2300 X.
1213 2257 1244 2318 p.
1266 2239 1336 2316 428.

310 2345 345 2404 F.
369 2362 439 2424 429.
464 2344 498 2401 A.
522 2343 568 2401 Cf.
592 2343 630 2402 ll.
651 2365 683 2425 p.
705 2349 754 2425 39.
778 2343 812 2402 C.
854 2343 935 2404 Rem
955 2343 1054 2426 ipsam
1075 2344 1285 2438 comprpbant
1303 2341 1336 2402 hi

310 2448 470 2530 Amphidis
492 2465 610 2524 versus,
631 2457 668 2508 ut
688 2448 764 2508 alios
785 2459 930 2509 taceam:

382 2575 387 2578 ·
431 2550 520 2634 Ἐνῆν
541 2545 593 2633 ἄρ’
609 2549 652 2626 ὥς
674 2550 753 2615 ἔοικε
777 2545 835 2639 κᾷν
857 2549 931 2639 οἴνῳ
954 2549 1057 2635 λόγος,

435 2651 533 2723 ”Evam
554 2653 690 2754 δ”ῧὸωρ
711 2656 847 2734 πίνοντες
870 2659 926 2722 sio'
944 2654 1113 2744 ἆβὲλτεροι.

390 2766 449 2826 llic
472 2766 598 2827 ‘Cratini
634 2767 666 2827 in
700 2766 808 2827 vinum
837 2789 927 2828 amor
952 2777 1073 2828 tantam
1105 2765 1192 2827 dedit
1217 2767 1335 2828 Aristo·
1385 2807 1386 2820 1

311 2873 407 2956 phani
430 2873 597 2935 cavillandi
621 2873 756 2956 copiam,
780 2884 816 2936 ut
841 2874 874 2934 in
894 2873 977 2935 Pace
1002 2896 1058 2949 Ινοι
1083 2895 1155 2935 eum
1176 2882 1334 2933 mortuum

311 3002 376 3042 csse
405 2981 527 3042 diceret
555 2997 633 3063 prae
659 3001 816 3051 moerore,
852 3002 924 3040 cum
954 2980 1075 3062 dolium
1104 2979 1178 3040 vino
1207 2979 1335 3062 plenum

257 3147 270 3174 s
307 3087 410 3169 frangi
442 3087 574 3149 videret.
625 3088 658 3147 Si
690 3088 935 3178 intuniversum
966 3085 1212 3162 consideramus,
1243 3107 1335 3168 quam

310 3192 411 3253 mirae
450 3214 561 3254 causac
595 3192 636 3254 de
674 3203 777 3254 morte
809 3215 1004 3255 summorum
1033 3193 1175 3253 virorum
1206 3194 1336 3254 maxime
1372 3221 1377 3236 ·

309 3308 478 3382 poetarum
507 3310 543 3360 ut
572 3300 729 3385 Aeschyli,
752 3301 929 3385 Sophoclis,
950 3298 1154 3378 Philemonis,
1175 3300 1337 3383 Eupolidis

310 3406 446 3467 aliorum
476 3407 593 3491 passim
615 3409 792 3490 tradentur,
816 3429 880 3468 non
901 3405 1082 3467 mirandum
1103 3417 1159 3484 est,
1191 3406 1277 3490 quod
1298 3407 1337 3468 de

308 3512 436 3596 singulis
461 3523 627 3576 moveatur
647 3514 794 3598 suspicio.
823 3513 923 3574 Simili
949 3512 1044 3573 modo
1067 3512 1101 3574 in
1122 3511 1350 3597 Aristophanis„

379 3739 408 3809 *)
426 3741 567 3813 Dionysus
584 3739 734 3796 vocabatur
750 3743 947 3810 Κισσοχαῑτης
963 3739 1037 3810 apud
1058 3739 1198 3794 Cratinum
1214 3740 1243 3793 in
1260 3739 1323 3800 his:

537 3858 620 3925 Edu,
639 3859 809 3925 xsoooyau'
829 3857 908 3922 ἄναξ,
927 3859 1004 3926 χαῖρ’
1021 3890 1056 3902 »-

310 3975 346 4025 (l.
365 3975 514 4045 Hephaest.
535 3973 646 4028 Euchir.
667 3991 696 4046 p.
718 3975 763 4044 9⁶,
788 3972 829 4029 15.
854 3975 1055 4044 Κισσοφόροις
1073 3976 1122 4028 ἐπὶ
1141 3971 1361 4056 tseoodpsosg'

302 4067 400 4139 legitur
418 4067 452 4120 in.
464 4065 593 4120 Brunekii
611 4067 688 4126 Anat
710 4065 743 4120 Τ.
762 4067 785 4120 1.
808 4087 836 4138 p.
859 4074 917 4136 141.
936 4085 969 4121 es
988 4065 1140 4123 Simonide.
